4892 6184
886 670 1166 742 oaar10.
1746 674 1789 740 11

268 901 375 978 quam
403 877 576 956 uberrimo
598 881 634 954 et
651 877 880 979 pulcherrima
899 877 1090 971 inreritum
1115 879 1195 956 ideo
1215 877 1335 956 nullus
1358 877 1551 972 dubitavit,
1574 879 1786 982 prouinciam

267 999 420 1076 oblatam
444 998 542 1078 obiit.
588 1007 596 1014 “

316 1119 421 1196 Varia
443 1126 548 1217 atque
573 1120 708 1197 diversa
728 1120 871 1197 luerunt
894 1122 1024 1212 officia,
1049 1121 1178 1221 quibus
1199 1121 1251 1198 illi
1272 1120 1310 1196 in
1332 1121 1420 1199 ‚lava
1439 1121 1553 1200 insula
1567 1120 1788 1222 lungendum

265 1233 349 1314 erat.
399 1239 459 1314 Illi
480 1239 594 1330 enim,
629 1240 760 1340 solique
792 1267 874 1318 cura
903 1249 977 1318 tem
1006 1241 1214 1320 instituendi
1249 1265 1356 1341 quam
1392 1241 1564 1343 dirigendi
1598 1265 1653 1318 res
1680 1265 1788 1341 qnam
1849 1225 1854 1233 ⁴

265 1357 416 1457 maxime
441 1367 566 1436 natura
599 1361 768 1452 diversas,
802 1362 916 1438 delata
942 1369 1032 1439 erat:
1066 1361 1295 1438 institutionis
1318 1360 1499 1460 publicae,
1531 1362 1785 1462 agriculturae,

266 1480 476 1570 medicinae,
512 1488 714 1558 ceterorum
764 1483 864 1558 Adiit
893 1483 1124 1560 haecomnia
1156 1482 1255 1569 forti,
1291 1488 1500 1580 strenuoque
1526 1481 1643 1557 animo
1672 1481 1787 1556 Ram·

265 1624 475 1688 wunnerus,
500 1601 734 1700 prudentique
751 1601 910 1692 consilio,
935 1600 1067 1700 ingenii
1079 1600 1310 1702 praestantiae
1320 1607 1426 1699 atque
1439 1600 1630 1677 indefessae
1644 1600 1719 1676 eius
1732 1600 1787 1676 in·

264 1719 417 1795 <lustriae
439 1718 551 1818 patria
575 1720 718 1808 debuit,
743 1721 839 1819 quod
863 1721 981 1798 omnia
1003 1722 1143 1810 haecce,
1169 1745 1251 1796 cum
1274 1719 1383 1796 totius
1404 1721 1554 1821 regionis
1580 1721 1692 1825 salute
1711 1727 1788 1796 tam

263 1846 355 1916 arete
388 1839 624 1930 cohaerentia,
649 1841 707 1917 ‘ad
736 1847 867 1916 certam
897 1841 1065 1917 rationem
1085 1865 1313 1941 normamque
1336 1842 1610 1919 instituerentur.
1660 1830 1795 1941 Neque

263 1968 380 2034 tamen
421 1967 565 2036 naturae
605 1960 721 2037 studia
741 1960 786 2036 ab
815 1987 856 2036 eo
877 1961 999 2062 quovis
1023 1962 1127 2037 modo
1148 1963 1306 2063 neglecte
1330 1987 1425 2051 esse,
1455 1986 1565 2062 quum
1587 1968 1641 2038 tot
1663 1963 1787 2038 tantis·

262 2103 331 2176 que
362 2080 467 2155 rebus
480 2082 737 2172 distineretur,
769 2083 853 2160 satis
883 2083 1038 2160 indicant
1061 2085 1280 2160 excursiones
1301 2084 1338 2158 in
1364 2083 1543 2159 interiores
1565 2083 1699 2160 insulae
1725 2083 1787 2158 Ja-

261 2223 323 2274 vae
358 2209 474 2300 partes
504 2212 610 2304 atque
641 2205 839 2291 Molncoas3
871 2203 1002 2279 indicat
1033 2204 1092 2278 ille
1114 2228 1233 2279 rerum
1259 2203 1304 2279 ab
1327 2204 1404 2303 ipso
1427 2204 1647 2280 collectarum
1669 2205 1787 2304 copia,

261 2344 410 2417 quarum
441 2320 550 2396 eheu!
582 2347 712 2421 magna
743 2347 823 2421 pars
842 2321 1022 2421 naufragio
1050 2320 1245 2421 perierunt,
1275 2321 1361 2397 dum
1383 2323 1422 2397 in
1441 2323 1589 2421 patriam
1610 2325 1788 2400 transmit·

261 2446 426 2515 tenentur.

308 2560 537 2657 Agnoverunt
566 2559 628 2657 qui
656 2565 741 2635 tunc
766 2555 992 2657 Reipublicae
1013 2557 1698 2655 praeerantmaximaillaRuruwannr11
1713 2585 1786 2636 me·

259 2676 344 2765 rita,
370 2701 481 2775 eoque
502 2677 620 2776 equite
642 2676 752 2766 lacto,
779 2701 916 2752 summo
939 2676 1014 2750 iure
1039 2675 1227 2753 dicendum
1250 2684 1322 2767 est,
1348 2677 1421 2752 viro
1441 2679 1592 2779 digniori
1615 2679 1787 2757 eiusmodi

260 2797 425 2872 honorem
453 2821 529 2872 raro
556 2797 663 2872 faisse
688 2797 871 2873 tributum.
909 2797 977 2870 Per
1007 2796 1140 2897 aliquot
1160 2796 1287 2872 deinde
1309 2822 1418 2875 annos
1441 2800 1731 2877 Raruwannrrus
1748 2801 1787 2876 in

259 2917 373 2992 insula
408 2917 495 2992 Java
526 2916 564 2991 in
598 2917 724 2992 iisdem
761 2916 1045 3016 occupationibus
1070 2923 1226 2992 varamus
1248 2917 1379 3009 tuerat,
1415 2945 1526 3019 quum
1551 2919 1627 2994 aliis
1650 2921 1787 3011 denuo,

258 3036 370 3136 iisque
399 3037 540 3137 penitus
573 3037 717 3113 diversis
749 3038 989 3115 destinaretur.
1047 3039 1295 3114 Baueuausro
1327 3041 1421 3116 enim
1453 3065 1545 3114 anno
1568 3043 1663 3115 1819
1692 3057 1785 3116 mor·

259 3165 340 3246 tuo,
373 3157 444 3232 iam
468 3156 587 3232 statim
615 3181 754 3247 omncs,
780 3159 842 3256 qui
863 3157 907 3233 de
930 3158 992 3233 tali
1013 3157 1153 3257 negotio
1181 3158 1354 3258 suffragiis
1374 3160 1524 3234 terendis
1545 3167 1643 3236 erant
1664 3185 1787 3260 pares,

258 3281 295 3354 iu
326 3305 372 3355 eo
400 3281 678 3371 consentiebant,
711 3281 980 3358 Raruuannrro
1007 3280 1200 3380 digniorem
1226 3282 1288 3382 qui
1312 3306 1354 3356 eo
1376 3281 1573 3356 succederet
1596 3304 1667 3356 non
1688 3281 1784 3356 inve·

258 3401 343 3489 niri,
369 3425 458 3501 quae
484 3402 654 3478 sententia
679 3427 791 3501 quum
808 3402 921 3503 magis
947 3402 1128 3503 magisque
1153 3403 1433 3489 confirmaretur,
1448 3401 1719 3476 Rurawaanmo
1744 3401 1784 3476 in

129 3533 133 3542 '
258 3521 371 3596 lndiis
394 3521 619 3598 orientalibus
640 3523 755 3599 adhuc
772 3524 931 3624 degenti,
957 3522 1103 3598 docendi
1127 3509 1301 3623 prouincia
1324 3523 1360 3596 in
1382 3529 1501 3597 nostra
1519 3521 1710 3596 Academia
1729 3529 1783 3595 est

258 3640 392 3730 oblata;
415 3666 529 3742 neque
548 3642 637 3718 hanc
661 3644 762 3742 quasi
780 3643 937 3719 omnium
960 3642 1131 3718 bonorum
1157 3653 1276 3717 vocem
1294 3641 1394 3737 sequi
1416 3639 1587 3713 recusarit
1609 3639 1782 3738 rediitque

258 3759 295 3832 in
312 3760 469 3858 patriam.
518 3763 587 3837 Die
606 3763 707 3838 tertio
725 3763 854 3839 mensis
872 3762 960 3838 Maii
982 3762 1065 3836 anni
1084 3763 1179 3834 1823
1202 3759 1400 3834 solemniter
1415 3782 1545 3832 munus
1558 3759 1780 3858 auspicatus,

258 3879 448 3954 orationem
470 3880 593 3956 habuit
621 3911 639 3953 a
649 3883 693 3957 de
718 3882 915 3980 augmentis
939 3905 1029 3980 quae
1059 3880 1216 3955 Historia
1237 3877 1404 3954 naturalis
1427 3903 1469 3952 er
1491 3877 1615 3954 Indiae
1639 3878 1780 3956 investi·

258 3997 398 4098 gatione
421 4001 588 4100 accepit’n’.
638 4097 640 4104 Ι

306 4119 350 4192 In
371 4119 446 4193 eius
466 4119 629 4198 orationis
652 4121 810 4211 exordio,
830 4145 920 4220 quae
938 4123 975 4197 in
997 4145 1124 4222 magno
1140 4119 1261 4196 habita
1278 4126 1331 4194 est
1347 4118 1560 4219 frequentia,
1585 4119 1650 4194 hoc
1668 4119 1778 4196 maxi·

257 4261 314 4312 me
344 4263 381 4313 se
411 4239 530 4315 laetari
560 4246 614 4315 est
640 4240 834 4339 professus,
868 4243 963 4342 quod
995 4249 1076 4343 post
1097 4248 1151 4317 tot
1179 4265 1350 4317 annorum
1375 4239 1570 4316 absentiam
1599 4239 1636 4313 in
1661 4263 1775 4315 caram

257 4357 407 4455 patriam
436 4358 561 4433 reverti
586 4358 852 4448 sibiliouisaet,
887 4361 1005 4436 dulces
1029 4359 1175 4436 revisere
1208 4357 1357 4447 amicos,
1390 4359 1554 4457 quodque
1578 4363 1631 4430 tot
1654 4355 1774 4432 amici·

256 4473 325 4550 tiae
354 4476 684 4576 existimationisque
707 4477 914 4554 testimoniis
941 4503 981 4554 ac
1011 4478 1228 4554 documentis
1259 4478 1425 4578 acceptis,
1459 4476 1606 4552 docendi
1633 4499 1773 4575 qnoque

256 4595 293 4670 in
319 4589 510 4688 Academia
534 4597 857 4698 Lugduno·Batava
878 4623 1008 4674 munus
1031 4597 1099 4673 sibi
1114 4597 1325 4696 contigisset.
1362 4597 1579 4697 Lugdunum
1599 4596 1670 4672 iam
1693 4604 1772 4695 post

256 4715 367 4808 varios
402 4739 527 4807 casus,
558 4725 638 4817 post
672 4727 725 4795 tot
765 4718 963 4795 discrimina
1001 4744 1139 4809 rerum,
1177 4726 1357 4817 tamquam
1388 4717 1426 4792 in
1461 4725 1597 4794 certum
1633 4725 1772 4817 portum

255 4833 639 4936 fidamqneetationem
663 4837 864 4940 appulerat,
888 4839 952 4916 ubi
975 4839 1146 4939 reliquam
1167 4845 1318 4916 acutam
1339 4846 1529 4940 perageret.

1484 4957 1535 5031 qa
