4892 6184
692 593 758 661 292
1304 592 1339 658 E.
1373 592 1402 660 J.
1436 592 1624 669 KlllllL,

696 800 1218 899 veleum,quiAaonrunn1s
1245 797 1313 873 sibi
1338 803 1375 872 et
1394 797 1571 873 Enonrnrs
1594 796 1792 895 exemplum
1817 798 2034 897 sequendum
2059 805 2200 903 ceperit,

695 918 750 993 his
772 918 914 1006 litteris,
939 917 1119 1017 adipeam
1142 940 1242 993 snam
1264 924 1375 1001 artem
1399 940 1420 992 a
1440 916 1561 993 ceteris
1589 940 1730 1015 prorsus
1754 927 1987 1017 segregatam,
2013 921 2043 995 si
2068 930 2199 1000 tantum

695 1037 844 1138 separari
864 1044 956 1113 reote
979 1036 1150 1138 potnerit,
1184 1045 1221 1112 et
1243 1036 1450 1135 antiquitate
1473 1060 1543 1111 non
1566 1036 1733 1135 indigere.
1781 1036 1988 1113 Erimantur
2008 1040 2117 1139 igitur
2140 1042 2200 1117 bae

695 1155 895 1254 disoiplinae
920 1180 1108 1257 earumque
1131 1165 1333 1244 sectatores,
1359 1156 1513 1231 sednon
1537 1164 1724 1253 antequam
1746 1155 1839 1255 ipsae
1858 1158 1934 1233 illas
1958 1168 2050 1235 artes
2076 1162 2199 1237 immu-

693 1276 793 1351 tabili
814 1276 990 1351 voluntate
1010 1275 1078 1351 sibi
1100 1274 1311 1376 delegerint=
1341 1275 1565 1350 retinebimus
1588 1281 1707 1350 oontm
1729 1276 1883 1351 omnivi
1912 1279 2071 1370 eosdem,
2095 1282 2200 1357 donee

694 1402 909 1495 compertam
929 1394 1000 1470 iam
1023 1393 1088 1484 sit,
1112 1420 1219 1495 quam
1241 1394 1331 1471 vitae
1345 1420 1449 1471 nsum
1469 1401 1505 1471 et
1522 1394 1691 1470 rationem
1706 1392 1774 1469 sibi
1786 1398 2036 1495 proposuerint.
2069 1400 2199 1475 Deinde

695 1516 760 1589 hoe
792 1516 897 1591 etiam
928 1514 1121 1590 cavendnm
1155 1523 1230 1603 est,
1265 1516 1360 1614 quod
1391 1516 1466 1591 lieri
1492 1514 1669 1591 interdum
1692 1514 1798 1605 solet,
1829 1516 1981 1591 laborem
2003 1518 2058 1593 his
2082 1520 2199 1599 litteris

694 1634 932 1711 adhibendum
968 1633 1116 1709 fastidiri
1146 1660 1168 1709 a
1201 1634 1433 1733 quibusdam,
1469 1659 1538 1710 non
1573 1634 1656 1733 quie
1681 1634 1886 1723 litterarius,
1920 1637 1982 1712 sed
2003 1638 2086 1736 quia
2108 1640 2199 1715 labor

693 1762 768 1842 est;
802 1754 857 1829 his
888 1754 997 1853 igitur
1025 1754 1114 1829 tides
1143 1762 1294 1829 nonest
1323 1754 1482 1831 habenda
1513 1762 1700 1853 antequam
1721 1754 1828 1829 alium
1848 1754 1916 1829 sibi
1939 1780 2144 1855 quemnam,
2165 1770 2197 1833 et

693 1873 909 1972 digniorem,
941 1898 1056 1973 neque
1083 1873 1189 1949 nimis
1213 1873 1350 1949 facilem
1372 1871 1525 1947 laborem
1549 1869 1740 1971 delegerint
1762 1872 1799 1945 in
1823 1871 1942 1951 reiecti
1966 1875 2074 1949 nostri
2098 1876 2198 1951 studii

692 1996 816 2071 locum.
866 1994 925 2072 An
947 1992 1056 2093 igitur
1077 1994 1143 2067 hoo
1162 1992 1334 2091 optabile,
1359 1998 1459 2067 utet
1483 1992 1639 2067 homines
1666 2014 1818 2089 semper,
1843 1998 1880 2066 et
1900 1994 2009 2068 teneri
2032 1995 2197 2095 imprimis

692 2113 792 2210 pueri
828 2112 1026 2205 laborent't'
1056 2113 1113 2187 Ita
1143 2136 1222 2189 vero
1254 2119 1326 2200 est,
1357 2110 1551 2202 auditores,
1583 2110 1774 2187 dummodo
1802 2110 1847 2187 ne
1879 2112 1936 2189 hio
1957 2138 2097 2213 quoque
2117 2116 2194 2191 obli·

692 2235 883 2321 viscamnr,
917 2255 1007 2331 quae
1037 2232 1149 2307 solent
1179 2232 1224 2306 de
1251 2231 1355 2307 noxia
1385 2256 1584 2331 quoquere
1611 2230 1720 2307 nimia
1746 2232 1956 2332 pervulgari.
2005 2235 2087 2332 Ipse
2110 2236 2198 2310 enim

690 2352 748 2427 ille
772 2360 826 2428 est
848 2352 964 2440 labor,
988 2352 1051 2450 qni
1071 2353 1230 2428 animum
1247 2350 1448 2428 informabit
1466 2362 1504 2427 et
1521 2349 1670 2451 expoliet
1690 2372 1997 2451 unumquemque,
2020 2376 2083 2451 per
2099 2380 2197 2452 quem

689 2471 760 2545 lere
783 2494 893 2545 unum
914 2493 1031 2546 revera
1051 2470 1227 2545 lucramur
1249 2470 1400 2568 aliquid,
1425 2468 1521 2568 quod
1539 2491 1610 2543 non
1632 2469 1807 2569 adipsum
1830 2471 2008 2547 materiem
2032 2474 2196 2571 pertinet,

686 2594 717 2665 is
747 2591 891 2667 demum
920 2580 966 2668 οὗ
992 2592 1182 2669 πωλοῦσιν
1204 2595 1301 2689 ἡμῖν
1323 2589 1452 2667 πάντα
1475 2586 1620 2689 τάγάθ’
1644 2598 1688 2665 ot
1708 2593 1804 2667 θεοί.
1856 2590 1926 2667 Ηίι
1948 2590 2056 2692 igitur
2080 2618 2196 2694 exeep-

686 2714 752 2801 tis,
776 2714 847 2787 iam
867 2712 906 2787 id
926 2712 982 2788 aio
1002 2711 1266 2787 saluberrimum
1287 2734 1362 2787 esse
1386 2708 1548 2785 omnibus
1566 2708 1639 2797 his,
1664 2709 1727 2808 qni
1741 2710 1952 2787 cuniculum
1967 2713 2198 2798 academicum

688 2839 772 2905 sant
799 2857 882 2907 mox
911 2831 1119 2932 ingressuri,
1154 2840 1196 2907 ut
1213 2823 1404 2907 ‘cenentur
1430 2831 1711 2929 retineanturque
1743 2854 1879 2931 magne·
1894 2856 1938 2907 ex
1961 2842 2060 2933 parte
2087 2835 2196 2911 studia

689 2952 774 3025 haee
808 2952 1043 3049 antiquitatis,
1073 2960 1110 3025 et
1138 2950 1182 3025 iis
1208 2952 1368 3042 omnino,
1394 2952 1456 3051 qni
1477 2949 1657 3027 historicas
1678 2957 1720 3024 ut
1743 2950 1795 3025 itu
1815 2951 1947 3040 dicum,
1972 2951 2043 3027 sive
2065 2977 2196 3029 morum

687 3070 886 3169 disciplinas
905 3068 1137 3159 exercebunt,
1161 3070 1224 3175 qui
1245 3070 1348 3145 sacris
1368 3068 1560 3170 fungentur
1578 3066 1798 3157 ministeriis,
1813 3077 1875 3144 aut
1890 3070 1928 3145 in
1942 3069 2018 3145 iure
2031 3072 2194 3160 dicundo,
2285 3046 2291 3067 ⁸

686 3191 741 3264 vel
777 3215 835 3279 ea,
871 3191 917 3265 de
949 3214 1020 3288 qua
1051 3190 1221 3280 dicimus,
1253 3190 1434 3265 iuventute
1456 3188 1670 3264 instituenda
1695 3188 1946 3279 versabuntur;
1977 3190 2015 3265 bi
2039 3193 2192 3279 omnino,

685 3319 726 3383 ut
757 3310 956 3385 etiamnunc
987 3310 1029 3384 fit
1051 3318 1087 3385 ot
1110 3308 1239 3385 frustra
1263 3313 1503 3408 oppugnatur,
1532 3306 1631 3385 aliter
1652 3308 1720 3383 nisi
1742 3307 1866 3385 litteris
1894 3308 2046 3409 antiquis
2068 3312 2189 3387 exerei-

687 3430 754 3505 tari
775 3431 813 3505 in
836 3430 932 3505 dulci
953 3430 1095 3507 iuventa
1117 3454 1187 3505 non
1211 3436 1377 3529 possunt,
1402 3436 1438 3505 et
1461 3428 1524 3504 din
1547 3427 1612 3503 erit
1635 3436 1820 3527 antequam
1845 3430 2033 3529 potuerint.

735 3550 835 3626 Haeo
851 3550 960 3650 igitur
979 3551 1010 3625 'si
1030 3548 1183 3641 evicero,
1207 3550 1277 3624 iam
1299 3548 1502 3625 facillimum
1522 3555 1595 3637 est,
1619 3555 1661 3623 ut
1678 3548 1791 3637 hisee,
1816 3550 1861 3627 de
1881 3550 2010 3649 quibus
2024 3560 2193 3651 postremo

687 3670 780 3758 disi,
813 3670 859 3745 ad
890 3694 1021 3746 munus
1042 3672 1146 3747 etum
1170 3669 1329 3745 faturum
1350 3668 1491 3745 omnino
1515 3668 1705 3744 amessaria
1728 3692 1803 3744 esse
1829 3670 1914 3747 haee
1939 3671 2056 3747 stadie
2081 3680 2191 3747 osten·

687 3788 770 3863 dam
803 3787 1000 3887 unicnique.
1050 3790 1188 3889 Nempe
1215 3813 1257 3865 eo
1288 3787 1359 3863 iam
1382 3786 1620 3888 pervenimus,
1645 3796 1686 3862 ut
1705 3789 1862 3863 universe
1888 3790 1933 3864 de
1956 3790 2068 3865 tribus
2095 3791 2191 3865 disci·

684 3906 809 4006 plinio,
834 3930 922 4005 quas
948 3910 1165 4009 nuncupavi,
1194 3932 1265 3985 non
1288 3907 1387 3985 leeile
1411 3906 1648 3985 adversabitur
1666 3907 1734 3983 nisi
1755 3930 1847 3983 unus
1868 3916 1904 3985 et
1927 3909 2034 3997 alter,
2059 3910 2135 4010 ipse
2154 3920 2191 3985 ut

685 4027 837 4101 multum
871 4051 999 4103 vereor.
1016 4027 1233 4127 antiquitatis
1266 4028 1361 4104 haud
1390 4026 1538 4105 nimium
1561 4026 1704 4128 peritus.
1755 4027 1900 4127 Singula
1922 4036 2040 4103 antem
2068 4036 2105 4103 et
2130 4030 2190 4105 mi·

684 4147 822 4223 notiora
854 4154 933 4229 tum
964 4147 1008 4223 ab
1039 4147 1105 4223 hoe
1136 4146 1210 4223 loco
1240 4156 1276 4225 et
1300 4148 1364 4223 hac
1385 4148 1469 4225 hora
1491 4148 1561 4224 lere
1581 4148 1693 4225 abens
1717 4155 1819 4236 sunt,
1844 4172 1907 4245 nee
1930 4147 2029 4225 laoile
2056 4172 2189 4248 eompn·

683 4276 820 4343 nentur.
870 4268 1111 4345 Concedamus
1145 4268 1240 4345 verbi
1271 4292 1375 4345 eausa
1407 4268 1515 4358 illud,
1550 4268 1682 4345 Graeca
1715 4266 1984 4357 iurisconsultis,
2024 4268 2190 4368 theologis

681 4387 840 4462 Romana
876 4411 947 4461 non
987 4412 1062 4463 esse
1093 4387 1250 4465 eiusdem
1286 4388 1469 4463 momenti
1487 4394 1594 4487 atqua
1622 4386 1748 4477 altera,
1780 4387 1928 4465 ethaeo
1954 4412 2068 4488 neque
2095 4389 2190 4465 laede

680 4532 794 4607 neque
831 4507 962 4583 utiliter
997 4508 1268 4610 separabuntur,
1304 4517 1341 4584 et
1372 4532 1432 4583 vos
1467 4508 1610 4584 tandem
1642 4532 1664 4583 o
1700 4508 1835 4607 queruli
1871 4530 1986 4585 nonne
2020 4508 2188 4607 permulta

646 4620 653 4635 ’
680 4630 783 4729 agitis
814 4629 882 4705 ulia
911 4628 1055 4705 minime
1085 4627 1276 4715 necessarie
1306 4636 1342 4705 et
1366 4628 1502 4703 inutilia
1524 4627 1688 4717 fortasse,
1713 4652 1777 4707 nec
1800 4636 2005 4707 succurrunt
2034 4628 2186 4727 querelae

679 4750 746 4823 nisi
770 4772 852 4823 cum
880 4748 1050 4825 excultior
1071 4749 1199 4827 frustra
1222 4747 1360 4827 animus
1384 4749 1479 4827 lucro
1503 4748 1630 4825 datur?
