4892 6184
850 703 1129 772 ORATIO.
1432 803 1438 816 Ι
1705 706 1747 774 91

229 915 340 997 tatae,
369 911 406 983 in
434 910 555 1009 primis
583 907 787 985 detestabile
813 911 903 986 illud
929 915 1050 1008 bellum
1072 913 1393 999 sacramentarium,
1421 911 1635 986 Lethaeum
1657 912 1748 987 inter

229 1034 265 1103 et
287 1030 507 1122 Resomatos
526 1035 686 1130 gestum,
714 1054 785 1127 quo
809 1032 883 1107 suis
906 1032 974 1132 ipsi
996 1035 1102 1108 rebus
1132 1031 1228 1107 valde
1256 1037 1469 1120 nocuerunt,
1494 1055 1600 1132 seque
1622 1038 1746 1108 mutuo

229 1148 457 1238 devorarunt,
481 1149 572 1224 rixas
594 1154 756 1248 agentes,
783 1149 820 1222 in
843 1149 923 1226 liris
951 1156 986 1224 et
1012 1150 1191 1227 calonibus
1213 1149 1273 1224 vix
1297 1148 1456 1226 ferendas
1469 1149 1547 1242 ¹²⁴).
1601 1151 1744 1230 Testam-

228 1277 288 1342 tur
319 1268 412 1344 idem
452 1269 681 1346 dissensiones
704 1276 740 1344 et
762 1268 985 1357 inimicitiae,
1018 1294 1108 1368 quae
1133 1276 1251 1346 nostra
1274 1268 1312 1344 in
1335 1270 1446 1368 petria
1468 1269 1747 1346 demonstrantes

227 1387 318 1461 inter
345 1396 381 1462 et
421 1389 842 1476 Contraeemonstrantes,
874 1396 972 1464 tanta
1006 1390 1185 1465 atrocitate
1211 1396 1379 1487 tantaque
1399 1389 1508 1464 animi
1529 1388 1744 1464 vehementia

227 1515 323 1582 actae
358 1515 459 1596 sunt,
488 1533 529 1584 ao
559 1509 590 1582 si
620 1533 664 1582 ex
699 1508 902 1583 abstrusiori
936 1509 1089 1607 quodam
1120 1510 1304 1606 dogmate,
1338 1508 1382 1581 de
1413 1507 1539 1605 quoin
1560 1515 1744 1607 utramque

226 1635 362 1726 partem
383 1626 608 1726 probabiliter
626 1632 744 1726 posset
770 1626 960 1725 disputari,
989 1628 1043 1702 vel
1069 1634 1210 1725 accepto
1232 1626 1287 1701 vel
1308 1626 1615 1716 reiecto„aeterua
1632 1627 1743 1702 homi·
1897 1672 1902 1680 ·

225 1772 313 1822 num
345 1747 438 1821 sulus
464 1745 639 1844 panderet.
689 1746 916 1844 Retrogressa
945 1745 1060 1846 igitur
1078 1754 1132 1820 est
1157 1752 1305 1844 utraque
1328 1741 1505 1835 Ecclesia,
1543 1747 1742 1822 tarwana

227 1875 263 1941 et
289 1867 496 1962 Reformota
523 1865 560 1938 iu
586 1887 648 1953 eo,
673 1863 770 1962 quod
787 1863 872 1940 fidei
896 1865 1087 1942 doctinam
1109 1865 1202 1939 iusto
1226 1865 1355 1942 maiora
1379 1866 1595 1942 accuratione
1617 1867 1744 1940 deseri·

225 1984 307 2058 bere
331 1983 494 2090 voluerit,
517 1983 736 2082 nimiumque
759 2007 846 2060 suae
865 1984 1088 2084 descriptioni
1105 1983 1266 2059 statuerit
1281 1986 1452 2084 pretium,
1469 2009 1580 2084 quum
1600 1985 1743 2083 dogma·

225 2113 303 2179 tum
327 2105 644 2204 interpretationem
669 2105 791 2180 eodem
815 2104 910 2193 loco,
936 2112 1041 2202 utque
1065 2103 1141 2202 ipsa
1166 2105 1250 2179 fidei
1275 2105 1491 2181 Christianae
1510 2103 1654 2205 placita,
1682 2104 1744 2178 ba·

226 2222 333 2298 beret.
385 2223 456 2298 Sed
485 2249 681 2324 numquam
710 2249 753 2298 eo
783 2247 896 2323 usque
932 2232 1142 2322 retrogressa
1168 2231 1240 2311 est,
1274 2230 1315 2298 ut
1348 2227 1491 2300 indolem
1525 2224 1631 2300 etiam
1661 2224 1744 2298 fidei

225 2366 382 2440 perverse
419 2367 559 2442 prorsus
593 2350 780 2443 exponeret
792 2344 871 2434 12ὅ).
921 2342 996 2443 Ipsi
1033 2342 1120 2417 adeo
1158 2344 1435 2430 decantatae,
1469 2344 1535 2418 etsi
1568 2345 1606 2418 iu
1639 2367 1743 2441 erpo·

225 2461 341 2536 nendo
374 2462 458 2536 fidei
485 2463 671 2538 obiectos
707 2487 882 2538 sacrorum
916 2462 1213 2538 Instauratoribus
1252 2463 1353 2563 longe
1380 2462 1637 2550 discedebant,
1673 2463 1744 2538 vim

226 2589 345 2656 tamen
362 2581 442 2656 'eius
470 2582 635 2656 moralem
657 2588 797 2676 strenue
813 2580 1042 2656 vindicarunt.
1078 2582 1182 2657 Valet
1200 2581 1266 2656 hoo
1288 2582 1332 2656 de
1352 2581 1654 2657 Wnuscnrmirno
1666 2573 1743 2675 ¹M).

225 2701 328 2775 Valet
352 2699 464 2799 magis
493 2700 597 2778 etiam
631 2701 676 2774 de
709 2702 1081 2789 Bnnrsormmnrao,
1102 2702 1234 2803 quippe
1254 2703 1317 2800 qui
1339 2703 1377 2776 in
1399 2703 1473 2778 loco
1496 2688 1547 2778 de'
1563 2703 1745 2804 παλιγγε-

225 2823 355 2921 reoc'qs,
378 2819 422 2894 de
444 2819 514 2894 fide
539 2826 629 2919 agat-
643 2845 789 2920 eamque
813 2821 863 2897 sic
888 2820 1080 2910 describat,
1111 2829 1152 2896 ut
1179 2822 1307 2897 mentis
1335 2822 1478 2922 quidem
1503 2822 1680 2922 persuasio
1706 2823 1745 2896 in

225 2967 266 3017 ea
288 2948 431 3039 regnet,
468 2940 532 3015 sed
552 2941 662 3016 animi
682 2942 788 3017 etiam
810 2943 962 3018 assensio
983 2966 1025 3016 ae
1050 2941 1179 3018 fiducia
1201 2942 1239 3016 in
1264 2943 1429 3018 Onarsro
1454 2942 1672 3042 reponenda,
1703 2967 1745 3017 ea

225 3060 466 3137 contineantur
478 3063 555 3155 ¹²⁷).
606 3062 732 3160 Neque
761 3070 814 3137 est
848 3063 944 3162 quod
967 3063 1152 3151 miremur,
1186 3064 1603 3152 Sensumnuacnneun,
1630 3063 1744 3138 virum

224 3183 353 3282 pietate
380 3205 491 3281 aeque
513 3206 555 3257 ac
580 3178 713 3282 ingenii
734 3182 894 3256 acumine
917 3181 1116 3282 insignem,
1148 3182 1343 3272 inanimo,
1373 3183 1410 3257 in
1436 3207 1541 3258 sensu
1563 3191 1600 3258 et
1623 3183 1744 3257 volun·

224 3310 296 3378 tate
320 3302 494 3402 propriam
518 3302 602 3377 fidei
629 3302 951 3402 sedem—posuisse,
982 3303 1062 3378 licet
1083 3302 1121 3377 in
1146 3302 1343 3378 definiendo
1368 3303 1451 3378 fidei
1475 3303 1610 3378 obiecto
1632 3328 1653 3378 a
1674 3305 1744 3377 Re-
1828 3367 1833 3375 .

223 3422 468 3498 formatoribus
502 3422 646 3500 abierit:
685 3421 815 3522 quippe
847 3423 942 3520 quod
978 3422 1016 3496 in
1048 3422 1206 3518 Onnrsrr
1229 3425 1445 3521 perfectione
1476 3431 1512 3498 et
1538 3425 1746 3498 beatudine

224 3543 319 3619 cerni
349 3549 502 3632 statuat,
535 3544 644 3619 fidem
673 3542 791 3618 dicens
818 3541 926 3617 animi
948 3548 1090 3630 actum,
1118 3541 1173 3615 vel
1196 3541 1449 3630 conditionem,
1473 3565 1543 3640 qua
1564 3540 1743 3638 perlectio-

224 3664 280 3737 nis
309 3670 345 3737 et
368 3662 596 3738 beatitudinis
618 3663 776 3737 Ouarsrr
796 3661 981 3760 participes
1003 3661 1220 3752 fiamusm).
1274 3659 1343 3734 Sed
1364 3660 1451 3758 quid
1473 3666 1527 3734 est
1551 3658 1647 3758 quod
1665 3659 1743 3758 plu-

225 3808 282 3857 res
312 3786 606 3860 commemorem?
653 3784 783 3858 Nostro
814 3780 908 3857 enim
932 3788 1089 3879 tempore
1115 3779 1212 3854 haud
1234 3779 1334 3855 facile
1357 3779 1436 3878 quis
1461 3778 1608 3866 dixerit,
1638 3778 1745 3853 fidem

226 3927 296 3977 uua
325 3903 452 3977 mentis
479 3903 700 4002 persuasione
732 3900 883 3989 absolvi3
914 3901 977 3975 sed
1007 3901 1053 3976 ad
1077 3900 1234 3975 animum
1256 3899 1380 3988 etiam,
1410 3907 1446 3973 et
1474 3899 1520 3974 ad
1548 3899 1642 3974 huuc
1666 3899 1743 3998 qui·

227 4023 307 4098 dem
330 4022 551 4122 praesertim,
576 4020 791 4097 referendum
814 4045 892 4095 eam
913 4045 988 4096 esse
1010 4044 1133 4095 omnes
1157 4020 1352 4096 concedunt
1372 4028 1409 4094 et
1435 4020 1742 4112 contenduutffl).

97 4476 101 4485 Ι
275 4380 409 4455 Verum
442 4382 534 4457 enim
563 4405 642 4455 vero
669 4382 713 4455 da
735 4381 862 4480 objecto
886 4379 1021 4455 fidai'si
1042 4380 1199 4479 quaeris,
1228 4379 1265 4454 in
1289 4379 1441 4454 diversas
1462 4378 1593 4454 abeunt
1626 4383 1742 4477 partes

227 4505 263 4573 et
284 4499 470 4600 Theologi‚
500 4499 537 4575 et
560 4501 718 4577 universe
742 4499 1201 4598 Christiani-Protestantes,
1232 4521 1313 4574 oum
1333 4499 1541 4586 lutherani,
1570 4505 1648 4572 tum
1671 4498 1743 4571 Re·

219 4623 388 4715 formati:
406 4621 502 4720 quod
526 4622 562 4697 et
584 4621 621 4696 in
642 4621 719 4696 eliis
739 4620 958 4721 regionibus,
984 4619 1021 4695 e‘t
1039 4643 1119 4695 veru
1140 4618 1244 4693 etiam
1256 4619 1294 4692 in
1306 4618 1382 4717 ipsa
1394 4617 1505 4718 patria
1518 4623 1636 4693 nostra
1651 4616 1742 4692 vide·

227 4765 307 4820 mus
333 4748 370 4816 et
394 4742 600 4842 experimur.
650 4741 840 4820 Quaeritur
859 4741 987 4840 igitur,
1012 4764 1119 4840 quam
1144 4738 1236 4815 viam
1260 4738 1398 4840 ingredi
1419 4763 1482 4814 uos
1505 4743 1680 4839 oporteat,
1704 4743 1746 4812 ut

228 4859 548 4940 vehementissimae
570 4862 658 4940 istae
681 4860 918 4939 contentiones
943 4861 1091 4959 litesque
1115 4866 1376 4959 componantur.

1479 4979 1552 5053 12*
