4892 6184
754 673 796 773 s,
887 703 1165 772 ossrru
1723 703 1845 796 ma,

272 906 366 1006 quod
396 915 432 981 et
460 907 549 982 hauc
580 907 737 1005 quamvis
769 908 1007 987 absconditam
1034 913 1089 986 vel
1113 909 1252 985 nebulis
1275 909 1483 998 obductam,
1515 909 1645 984 inillis
1667 891 1786 984 errori·

271 1029 340 1102 bus
373 1027 586 1126 studiisque,
615 1052 704 1126 quae
728 1028 885 1106 Cusrsur
909 1033 1226 1131 Apostolorumque
1261 1031 1371 1104 menti
1401 1030 1592 1106 admodum
1616 1031 1786 1106 contraria

271 1148 398 1222 dixeris
411 1194 461 1210 -
475 1148 727 1222 Monachcrum
749 1174 790 1223 ac
815 1151 1020 1249 Stylitarum
1043 1153 1150 1227 vitam
1172 1152 1379 1238 asceticam,
1403 1151 1670 1250 Flagellantium
1695 1151 1786 1226 insa-

271 1294 335 1344 nos
360 1268 508 1356 furores,
538 1269 767 1365 Mysticorum
794 1273 928 1346 somnia
948 1253 1063 1372 cogito
1088 1317 1137 1334 -
1160 1272 1259 1346 haud
1280 1295 1421 1370 prorsus
1447 1271 1693 1347 desideramus.
1742 1273 1789 1345 Et

177 1384 189 1394 ”
271 1389 361 1476 iam,
388 1413 499 1487 quum
523 1388 653 1488 lugetis
682 1388 820 1464 nebulis
846 1393 967 1468 laetior
1001 1419 1021 1467 e
1052 1391 1203 1467 tenebris
1228 1390 1409 1490 affulgeret
1436 1389 1509 1464 dies
1533 1436 1584 1452 --
1604 1392 1715 1492 ipsam
1735 1418 1787 1466 sa·

272 1533 409 1584 crorum
431 1509 713 1584 instaurationem
727 1535 746 1583 c
760 1535 862 1585 sensu
882 1513 1022 1600 morali,
1044 1512 1265 1610 iampridem
1284 1509 1453 1584 altissimo
1468 1535 1588 1585 somno
1607 1537 1787 1610 oppresso,

273 1629 335 1703 sed
371 1628 514 1703 demum
550 1629 807 1727 expergefacto,
846 1631 1014 1730 originem
1058 1656 1157 1706 suam
1190 1629 1334 1705 traxisse
1369 1636 1405 1702 et
1441 1629 1628 1706 laetissima
1659 1633 1789 1731 cepisse

272 1751 504 1836 incrementa,
540 1749 697 1822 Historia
731 1750 821 1823 benc
850 1759 1030 1848 perspecta
1064 1775 1127 1825 nos
1151 1751 1262 1824 docet.
1314 1748 1438 1847 Neque
1462 1750 1574 1824 solum
1597 1748 1788 1826 reformati·

272 1893 395 1956 onem,
431 1895 452 1943 a
484 1868 664 1943 Luunuso
691 1868 745 1942 vel
769 1869 952 1944 Zulxcnro
974 1870 1191 1957 inchoatam,
1219 1869 1308 1943 hanc
1335 1869 1499 1943 moralem
1523 1870 1577 1943 vel
1602 1871 1789 1969 practicam

270 1987 422 2062 indolem
452 1989 488 2062 in
518 1988 630 2063 fronte
655 1988 820 2088 gessisse,
858 1992 920 2066 sed
948 1992 1147 2066 Csnvmuu
1171 1991 1306 2090 ipsum,
1337 1989 1433 2063 haud
1460 1989 1576 2063 minus
1601 1990 1693 2064 vitae
1716 2013 1789 2062 mo-

271 2132 419 2206 rumque
452 2108 709 2183 reformatorem
738 2117 844 2208 atque
879 2112 1153 2198 emendatorem,
1192 2135 1300 2208 quam
1333 2108 1557 2208 Dogmatices
1586 2109 1792 2188 acerrimum

271 2235 564 2327 propugnatorem
594 2235 630 2301 et
660 2227 830 2302 vindicem
854 2253 929 2302 esse
956 2228 1143 2302 dicendum
1164 2267 1211 2280 -
1235 2227 1383 2325 quisque
1407 2227 1582 2302 Historiae
1610 2227 1793 2324 indagator

273 2375 295 2423 a
320 2349 470 2446 partium
497 2347 613 2422 studio
634 2349 767 2422 alienus
788 2347 949 2423 lubenter
972 2348 1073 2422 nobis
1093 2348 1268 2423 concedet.
1306 2345 1405 2432 Quid
1424 2347 1547 2445 plura?
1581 2348 1792 2444 Quicunque

273 2467 310 2541 in
337 2467 544 2566 Theologiae
565 2468 709 2542 Moralis
731 2475 836 2565 atque
858 2448 1033 2546 Historiae
1055 2469 1313 2544 Ecclesiasticac
1340 2467 1496 2541 studium
1512 2467 1639 2566 pariter
1658 2467 1793 2542 incum-

274 2586 347 2673 bit,
372 2585 448 2672 hic,
474 2592 514 2658 ut
539 2584 677 2683 opinor,
701 2585 740 2657 in
764 2585 944 2660 societatis
964 2587 1180 2662 Christianae
1203 2587 1360 2662 Historia
1382 2587 1562 2663 tractanda
1583 2587 1700 2662 aliisve
1724 2595 1793 2662 tra·
1889 2615 1902 2683 ‘.

276 2704 389 2778 denda
411 2705 587 2777 Nassum
611 2703 761 2778 maxime
784 2706 938 2806 vestigiis
962 2706 1119 2794 insistet,
1144 2715 1250 2805 atque
1271 2707 1307 2781 in
1333 2707 1428 2780 omni
1447 2706 1622 2796 Historia,
1648 2707 1684 2779 in
1710 2711 1795 2804 qua'-

275 2823 360 2898 libet
393 2823 586 2922 Religionis
617 2825 832 2901 Christianae
860 2826 989 2902 formae
1020 2828 1204 2917 varietate,
1236 2835 1272 2902 ct
1298 2827 1419 2926 quovis
1441 2833 1616 2925 tempore,
1640 2825 1796 2901 luculen-

232 2947 236 2951 ’
275 2944 469 3033 tissimum,
503 2945 597 3018 unde
627 2945 732 3020 huius
761 2945 954 3044 Religionis
982 2945 1033 3019 vis
1062 2954 1167 3045 atque
1193 2946 1328 3022 indoles
1353 2944 1502 3019 maxime
1526 2942 1665 3020 moralis
1691 2968 1796 3043 appa·

275 3072 368 3153 reat,
394 3051 489 3138 baud
511 3065 639 3139 [rastra
664 3065 732 3140 sibi
756 3072 900 3164 quaeret
924 3065 1182 3142 documentum.

323 3186 374 3260 Ar
398 3162 555 3284 quanivis
575 3187 751 3260 Nssrrnur
769 3186 972 3275 consilium,
1004 3187 1043 3261 id
1060 3188 1213 3287 agentis,
1240 3195 1280 3263 ut
1297 3187 1454 3263 Historia
1474 3194 1562 3262 teste
1585 3211 1625 3261 ac
1644 3184 1796 3274 vindice,

277 3304 468 3404 Religionis
492 3306 708 3382 Christianae
732 3307 884 3406 genuina
906 3308 1056 3382 eluceret
1085 3309 1316 3407 praestantia,
1347 3332 1564 3406 summopere
1592 3306 1798 3394 laudamus,

277 3427 392 3501 nescio
422 3436 538 3503 tamen
565 3453 610 3502 an
638 3429 682 3502 iis
706 3428 965 3503 assentiendum
992 3429 1056 3517 sit,
1089 3429 1151 3526 qui
1170 3428 1352 3527 egregium
1376 3427 1502 3500 Virum
1531 3427 1568 3500 in
1593 3425 1799 3524 inquirenda

277 3547 434 3622 Historia
465 3548 720 3646 aliquantulum
750 3550 852 3648 genio
880 3549 1084 3635 indulsisse,
1109 3556 1144 3620 et
1164 3573 1227 3646 pro
1251 3547 1366 3621 nativa
1384 3545 1509 3619 indolis
1532 3569 1614 3619 suae
1637 3569 1797 3620 mansue-

279 3665 422 3754 tudine,
456 3669 587 3766 optima
615 3669 756 3768 quaevis
787 3674 962 3765 sperante,
994 3663 1172 3739 interdum
1201 3665 1246 3740 de
1270 3663 1469 3738 hominibus
1492 3673 1527 3738 ct
1548 3663 1653 3739 rebus
1677 3663 1822 3740 mitius'
1875 3668 1878 3674 '
1926 3643 1929 3650 ⁴
1966 3681 1974 3700 ·

276 3803 387 3883 ‘quam
409 3786 523 3862 verius
542 3789 756 3864 existimasse
782 3791 954 3862 censeant.
1006 3784 1191 3884 Quidquid
1219 3785 1324 3859 huius
1350 3785 1400 3858 rei
1423 3793 1495 3872 cst,
1519 3785 1713 3860 cavendum
1736 3811 1798 3861 no·

280 3906 336 3979 bis
366 3930 441 3980 esse
470 3932 514 3982 ne
540 3917 665 3984 cuncta
688 3909 743 3983 vel
765 3908 873 3983 nimia
893 3908 930 3982 iu
954 3907 1110 3982 Historia
1138 3907 1311 3982 laudando
1340 3905 1478 3981 crudam
1506 3906 1658 4005 partium
1683 3905 1799 3980 studio

282 4027 443 4100 inservire
474 4027 651 4102 videamur
671 4028 872 4128 probatione
894 4028 952 4102 vix
974 4027 1117 4125 indiget.
1169 4027 1240 4101 Sed
1267 4025 1311 4100 ab
1335 4025 1399 4102 hoc
1425 4050 1563 4126 quoque
1586 4026 1706 4101 sedulo
1730 4026 1800 4101 sibi

282 4146 436 4234 cavebit,
469 4149 668 4248 quicunque
699 4149 875 4249 Historiae
904 4148 1161 4223 Ecclesiasticae
1190 4155 1295 4246 atque
1320 4147 1461 4222 Ethice's
1485 4147 1700 4222 Christianae
1725 4154 1797 4220 stu·

283 4267 381 4341 dium
415 4276 507 4342 arcta
535 4269 758 4344 coniunxerit.
810 4268 933 4343 Ubivis
954 4269 991 4342 in
1014 4267 1189 4356 Historia,
1221 4293 1291 4366 qua
1314 4267 1382 4343 late
1404 4275 1520 4366 patet,
1545 4267 1575 4340 is
1596 4267 1711 4368 videat
1736 4289 1797 4339 ne·

283 4410 378 4460 cesse
399 4397 467 4477 est,
493 4397 704 4488 quantopere
727 4390 898 4464 abstracta
916 4412 1032 4463 rerum
1052 4387 1246 4462 divinarum
1263 4387 1525 4486 contemplatio,
1547 4385 1798 4460 abstrusiorum

284 4506 488 4606 dogmatum
522 4510 723 4609 inquisitio,
755 4519 860 4609 atque
893 4535 1017 4585 arcana
1049 4509 1117 4582 Dci
1146 4507 1294 4596 rimandi
1319 4515 1354 4582 et
1378 4506 1617 4606 perscrutandi
1642 4505 1799 4581 studium

284 4651 365 4701 cum
389 4628 595 4729 Theologiae
615 4631 740 4706 Morali
760 4638 838 4704 tum
865 4655 1002 4705 morum
1023 4629 1256 4704 emendationi
1280 4627 1348 4728 ipsi
1370 4637 1405 4702 ct
1428 4628 1517 4702 vitae
1537 4652 1614 4702 vere
1634 4625 1799 4702 Christia-

285 4771 350 4820 nae
382 4751 572 4826 nocuerint.
623 4749 782 4839 Dolebit,
819 4750 966 4838 dolebit,
990 4749 1155 4849 inquam,
1180 4749 1277 4822 omni
1300 4749 1371 4823 fere
1394 4757 1548 4848 tempore
1572 4755 1669 4822 extra
1696 4755 1802 4848 atque

286 4867 377 4943 intra
402 4869 591 4946 Ecclesiam
610 4872 694 4976 plus
719 4870 1000 4980 philosophatum
1025 4895 1100 4944 esse
1129 4869 1263 4945 scholae
1287 4895 1393 4968 quam
1418 4869 1525 4957 vitae,
1559 4877 1595 4943 et
1613 4877 1802 4944 sectatores
