<?xml version="1.0" encoding="UTF-8"?>
<!DOCTYPE html PUBLIC "-//W3C//DTD XHTML 1.0 Transitional//EN"
    "http://www.w3.org/TR/xhtml1/DTD/xhtml1-transitional.dtd">
<html xmlns="http://www.w3.org/1999/xhtml" xml:lang="en" lang="en">
 <head>
  <title>
</title>
<meta http-equiv="Content-Type" content="text/html;charset=utf-8" />
  <meta name='ocr-system' content='tesseract 3.04.00' />
  <meta name='ocr-capabilities' content='ocr_page ocr_carea ocr_par ocr_line ocrx_word'/>
</head>
<body>
  <div class='ocr_page' id='page_1' title='image "annalesacademic05unkngoog_0186.png"; bbox 0 0 4892 6184; ppageno 0'>
   <div class='ocr_carea' id='block_1_1' title="bbox 679 673 1644 746">
    <p class='ocr_par' dir='ltr' id='par_1_1' title="bbox 679 673 1644 746">
     <span class='ocr_line' id='line_1_1' title="bbox 679 673 1644 746; baseline -0.006 0"><span class='ocrx_word' id='word_1_1' title='bbox 679 679 740 746; x_wconf 71' lang='lat'><strong>176</strong></span> <span class='ocrx_word' id='word_1_2' title='bbox 1217 680 1251 745; x_wconf 82' lang='lat' dir='ltr'><strong>G.</strong></span> <span class='ocrx_word' id='word_1_3' title='bbox 1285 675 1423 742; x_wconf 73' lang='lat' dir='ltr'><strong>stau</strong></span> <span class='ocrx_word' id='word_1_4' title='bbox 1456 673 1644 744; x_wconf 76' lang='lat' dir='ltr'><strong>unuln</strong></span> 
     </span>
    </p>
   </div>
   <div class='ocr_carea' id='block_1_2' title="bbox 603 879 2241 4204">
    <p class='ocr_par' dir='ltr' id='par_1_2' title="bbox 603 879 2241 2654">
     <span class='ocr_line' id='line_1_2' title="bbox 676 879 2191 987; baseline -0.004 -25"><span class='ocrx_word' id='word_1_5' title='bbox 676 886 839 987; x_wconf 80' lang='lat' dir='ltr'><strong>ceperint.</strong></span> <span class='ocrx_word' id='word_1_6' title='bbox 888 885 989 976; x_wconf 88' lang='lat' dir='ltr'><strong>Quod</strong></span> <span class='ocrx_word' id='word_1_7' title='bbox 1010 883 1191 983; x_wconf 89' lang='lat' dir='ltr'><strong>praecipue</strong></span> <span class='ocrx_word' id='word_1_8' title='bbox 1212 883 1439 960; x_wconf 90' lang='lat' dir='ltr'><strong>tribuendum</strong></span> <span class='ocrx_word' id='word_1_9' title='bbox 1457 883 1617 958; x_wconf 89' lang='lat' dir='ltr'><strong>existimo</strong></span> <span class='ocrx_word' id='word_1_10' title='bbox 1639 879 1819 956; x_wconf 74' lang='lat' dir='ltr'><strong>indefessis</strong></span> <span class='ocrx_word' id='word_1_11' title='bbox 1838 881 2105 969; x_wconf 82' lang='lat' dir='ltr'><strong>scrutatoribus,</strong></span> <span class='ocrx_word' id='word_1_12' title='bbox 2124 881 2191 982; x_wconf 88' lang='lat' dir='ltr'><strong>qui</strong></span> 
     </span>
     <span class='ocr_line' id='line_1_3' title="bbox 676 999 2189 1106; baseline -0.003 -24"><span class='ocrx_word' id='word_1_13' title='bbox 676 1031 747 1106; x_wconf 91' lang='lat' dir='ltr'><strong>quo</strong></span> <span class='ocrx_word' id='word_1_14' title='bbox 768 1005 884 1082; x_wconf 89' lang='lat' dir='ltr'><strong>minus</strong></span> <span class='ocrx_word' id='word_1_15' title='bbox 905 1002 1147 1103; x_wconf 87' lang='lat' dir='ltr'><strong>praeiudicatis</strong></span> <span class='ocrx_word' id='word_1_16' title='bbox 1170 1000 1392 1102; x_wconf 86' lang='lat' dir='ltr'><strong>opinionibus</strong></span> <span class='ocrx_word' id='word_1_17' title='bbox 1420 1002 1517 1078; x_wconf 89' lang='lat' dir='ltr'><strong>dueti</strong></span> <span class='ocrx_word' id='word_1_18' title='bbox 1539 1002 1702 1089; x_wconf 88' lang='lat' dir='ltr'><strong>luerunt,</strong></span> <span class='ocrx_word' id='word_1_19' title='bbox 1726 1023 1768 1075; x_wconf 93' lang='lat' dir='ltr'><strong>eo</strong></span> <span class='ocrx_word' id='word_1_20' title='bbox 1793 999 1988 1100; x_wconf 74' lang='lat' dir='ltr'><strong>religiosius</strong></span> <span class='ocrx_word' id='word_1_21' title='bbox 2006 1011 2042 1076; x_wconf 92' lang='lat' dir='ltr'><strong>et</strong></span> <span class='ocrx_word' id='word_1_22' title='bbox 2056 1002 2189 1102; x_wconf 90' lang='lat' dir='ltr'><strong>simpli·</strong></span> 
     </span>
     <span class='ocr_line' id='line_1_4' title="bbox 674 1120 2188 1222; baseline -0.004 -20"><span class='ocrx_word' id='word_1_23' title='bbox 674 1127 749 1202; x_wconf 90' lang='lat' dir='ltr'><strong>cius</strong></span> <span class='ocrx_word' id='word_1_24' title='bbox 774 1133 935 1200; x_wconf 64' lang='lat' dir='ltr'><strong>aduram</strong></span> <span class='ocrx_word' id='word_1_25' title='bbox 957 1123 1072 1222; x_wconf 82' lang='lat' dir='ltr'><strong>ipsam</strong></span> <span class='ocrx_word' id='word_1_26' title='bbox 1099 1123 1440 1222; x_wconf 82' lang='lat' dir='ltr'><strong>interrogarentque</strong></span> <span class='ocrx_word' id='word_1_27' title='bbox 1466 1121 1643 1221; x_wconf 87' lang='lat' dir='ltr'><strong>explorare</strong></span> <span class='ocrx_word' id='word_1_28' title='bbox 1667 1127 1864 1219; x_wconf 88' lang='lat' dir='ltr'><strong>coeperunt.</strong></span> <span class='ocrx_word' id='word_1_29' title='bbox 1925 1120 2062 1197; x_wconf 88' lang='lat' dir='ltr'><strong>Pariter</strong></span> <span class='ocrx_word' id='word_1_30' title='bbox 2090 1121 2188 1196; x_wconf 89' lang='lat' dir='ltr'><strong>theo·</strong></span> 
     </span>
     <span class='ocr_line' id='line_1_5' title="bbox 674 1239 2190 1342; baseline -0.001 -24"><span class='ocrx_word' id='word_1_31' title='bbox 674 1244 761 1342; x_wconf 86' lang='lat' dir='ltr'><strong>logi,</strong></span> <span class='ocrx_word' id='word_1_32' title='bbox 796 1266 967 1342; x_wconf 89' lang='lat' dir='ltr'><strong>quaenam</strong></span> <span class='ocrx_word' id='word_1_33' title='bbox 1002 1242 1047 1316; x_wconf 91' lang='lat' dir='ltr'><strong>sit</strong></span> <span class='ocrx_word' id='word_1_34' title='bbox 1077 1241 1253 1341; x_wconf 80' lang='lat' dir='ltr'><strong>religionis</strong></span> <span class='ocrx_word' id='word_1_35' title='bbox 1282 1251 1430 1330; x_wconf 79' lang='lat' dir='ltr'><strong>satura,</strong></span> <span class='ocrx_word' id='word_1_36' title='bbox 1464 1243 1654 1339; x_wconf 89' lang='lat' dir='ltr'><strong>Iesumque</strong></span> <span class='ocrx_word' id='word_1_37' title='bbox 1684 1239 1884 1328; x_wconf 83' lang='lat' dir='ltr'><strong>Christum,</strong></span> <span class='ocrx_word' id='word_1_38' title='bbox 1917 1249 2080 1316; x_wconf 76' lang='lat' dir='ltr'><strong>saturam</strong></span> <span class='ocrx_word' id='word_1_39' title='bbox 2109 1249 2190 1317; x_wconf 93' lang='lat' dir='ltr'><strong>tum</strong></span> 
     </span>
     <span class='ocr_line' id='line_1_6' title="bbox 673 1357 2189 1460; baseline -0.002 -24"><span class='ocrx_word' id='word_1_40' title='bbox 673 1363 759 1451; x_wconf 91' lang='lat' dir='ltr'><strong>Dei,</strong></span> <span class='ocrx_word' id='word_1_41' title='bbox 793 1370 971 1460; x_wconf 75' lang='lat' dir='ltr'><strong>tamquam</strong></span> <span class='ocrx_word' id='word_1_42' title='bbox 997 1361 1179 1437; x_wconf 92' lang='lat' dir='ltr'><strong>hominum</strong></span> <span class='ocrx_word' id='word_1_43' title='bbox 1193 1364 1331 1460; x_wconf 74' lang='lat' dir='ltr'><strong>patris,</strong></span> <span class='ocrx_word' id='word_1_44' title='bbox 1354 1369 1431 1434; x_wconf 91' lang='lat' dir='ltr'><strong>tum</strong></span> <span class='ocrx_word' id='word_1_45' title='bbox 1452 1361 1600 1434; x_wconf 67' lang='lat' dir='ltr'><strong>bominis</strong></span> <span class='ocrx_word' id='word_1_46' title='bbox 1622 1357 1822 1433; x_wconf 91' lang='lat' dir='ltr'><strong>hominibus</strong></span> <span class='ocrx_word' id='word_1_47' title='bbox 1845 1367 1952 1458; x_wconf 88' lang='lat' dir='ltr'><strong>atque</strong></span> <span class='ocrx_word' id='word_1_48' title='bbox 1977 1361 2098 1459; x_wconf 89' lang='lat' dir='ltr'><strong>generi</strong></span> <span class='ocrx_word' id='word_1_49' title='bbox 2122 1359 2189 1434; x_wconf 92' lang='lat' dir='ltr'><strong>hu·</strong></span> 
     </span>
     <span class='ocr_line' id='line_1_7' title="bbox 673 1478 2187 1582; baseline -0.002 -26"><span class='ocrx_word' id='word_1_50' title='bbox 673 1505 777 1556; x_wconf 90' lang='lat' dir='ltr'><strong>mano</strong></span> <span class='ocrx_word' id='word_1_51' title='bbox 798 1481 899 1582; x_wconf 88' lang='lat' dir='ltr'><strong>plene</strong></span> <span class='ocrx_word' id='word_1_52' title='bbox 918 1480 1118 1579; x_wconf 74' lang='lat' dir='ltr'><strong>patefecisse</strong></span> <span class='ocrx_word' id='word_1_53' title='bbox 1145 1489 1181 1555; x_wconf 91' lang='lat' dir='ltr'><strong>et</strong></span> <span class='ocrx_word' id='word_1_54' title='bbox 1201 1480 1268 1578; x_wconf 90' lang='lat' dir='ltr'><strong>ipsi</strong></span> <span class='ocrx_word' id='word_1_55' title='bbox 1289 1479 1503 1578; x_wconf 88' lang='lat' dir='ltr'><strong>perspiciunt</strong></span> <span class='ocrx_word' id='word_1_56' title='bbox 1523 1486 1629 1577; x_wconf 90' lang='lat' dir='ltr'><strong>atque</strong></span> <span class='ocrx_word' id='word_1_57' title='bbox 1652 1478 1816 1554; x_wconf 92' lang='lat' dir='ltr'><strong>omnibus</strong></span> <span class='ocrx_word' id='word_1_58' title='bbox 1837 1479 2011 1554; x_wconf 85' lang='lat' dir='ltr'><strong>declarare</strong></span> <span class='ocrx_word' id='word_1_59' title='bbox 2033 1479 2187 1555; x_wconf 84' lang='lat' dir='ltr'><strong>student.</strong></span> 
     </span>
     <span class='ocr_line' id='line_1_8' title="bbox 675 1588 2189 1700; baseline 0 -26"><span class='ocrx_word' id='word_1_60' title='bbox 675 1601 725 1676; x_wconf 89' lang='lat' dir='ltr'><strong>Ut</strong></span> <span class='ocrx_word' id='word_1_61' title='bbox 748 1601 991 1700; x_wconf 87' lang='lat' dir='ltr'><strong>grammaticos</strong></span> <span class='ocrx_word' id='word_1_62' title='bbox 1010 1600 1189 1688; x_wconf 88' lang='lat' dir='ltr'><strong>omittam,</strong></span> <span class='ocrx_word' id='word_1_63' title='bbox 1214 1588 1357 1674; x_wconf 75' lang='lat' dir='ltr'><strong>historia</strong></span> <span class='ocrx_word' id='word_1_64' title='bbox 1376 1625 1399 1674; x_wconf 93' lang='lat' dir='ltr'><strong>a</strong></span> <span class='ocrx_word' id='word_1_65' title='bbox 1417 1597 1719 1697; x_wconf 86' lang='lat' dir='ltr'><strong>praestantissimis</strong></span> <span class='ocrx_word' id='word_1_66' title='bbox 1738 1597 1962 1696; x_wconf 84' lang='lat' dir='ltr'><strong>scriptoribus</strong></span> <span class='ocrx_word' id='word_1_67' title='bbox 1979 1599 2029 1674; x_wconf 89' lang='lat' dir='ltr'><strong>ita</strong></span> <span class='ocrx_word' id='word_1_68' title='bbox 2048 1601 2189 1675; x_wconf 85' lang='lat' dir='ltr'><strong>tractari</strong></span> 
     </span>
     <span class='ocr_line' id='line_1_9' title="bbox 674 1716 2190 1819; baseline -0.002 -24"><span class='ocrx_word' id='word_1_69' title='bbox 674 1728 778 1819; x_wconf 89' lang='lat' dir='ltr'><strong>atque</strong></span> <span class='ocrx_word' id='word_1_70' title='bbox 801 1719 951 1794; x_wconf 80' lang='lat' dir='ltr'><strong>enarrari</strong></span> <span class='ocrx_word' id='word_1_71' title='bbox 969 1720 1076 1808; x_wconf 88' lang='lat' dir='ltr'><strong>solet,</strong></span> <span class='ocrx_word' id='word_1_72' title='bbox 1111 1728 1151 1793; x_wconf 88' lang='lat' dir='ltr'><strong>ut</strong></span> <span class='ocrx_word' id='word_1_73' title='bbox 1172 1727 1344 1818; x_wconf 86' lang='lat' dir='ltr'><strong>quantum</strong></span> <span class='ocrx_word' id='word_1_74' title='bbox 1367 1717 1442 1792; x_wconf 89' lang='lat' dir='ltr'><strong>lieri</strong></span> <span class='ocrx_word' id='word_1_75' title='bbox 1464 1717 1594 1818; x_wconf 88' lang='lat' dir='ltr'><strong>possit,</strong></span> <span class='ocrx_word' id='word_1_76' title='bbox 1629 1717 1676 1792; x_wconf 90' lang='lat' dir='ltr'><strong>ad</strong></span> <span class='ocrx_word' id='word_1_77' title='bbox 1700 1716 1860 1793; x_wconf 90' lang='lat' dir='ltr'><strong>intimam</strong></span> <span class='ocrx_word' id='word_1_78' title='bbox 1884 1717 1992 1793; x_wconf 84' lang='lat' dir='ltr'><strong>vitam</strong></span> <span class='ocrx_word' id='word_1_79' title='bbox 2018 1718 2091 1792; x_wconf 82' lang='lat' dir='ltr'><strong>sire</strong></span> <span class='ocrx_word' id='word_1_80' title='bbox 2116 1719 2190 1792; x_wconf 88' lang='lat' dir='ltr'><strong>sin·</strong></span> 
     </span>
     <span class='ocr_line' id='line_1_10' title="bbox 673 1837 2189 1940; baseline -0.001 -26"><span class='ocrx_word' id='word_1_81' title='bbox 673 1841 848 1940; x_wconf 85' lang='lat' dir='ltr'><strong>galaxiam</strong></span> <span class='ocrx_word' id='word_1_82' title='bbox 869 1839 1050 1914; x_wconf 91' lang='lat' dir='ltr'><strong>homiuum</strong></span> <span class='ocrx_word' id='word_1_83' title='bbox 1072 1863 1134 1912; x_wconf 91' lang='lat' dir='ltr'><strong>seu</strong></span> <span class='ocrx_word' id='word_1_84' title='bbox 1152 1837 1359 1938; x_wconf 90' lang='lat' dir='ltr'><strong>populorum</strong></span> <span class='ocrx_word' id='word_1_85' title='bbox 1379 1839 1528 1912; x_wconf 83' lang='lat' dir='ltr'><strong>totiusve</strong></span> <span class='ocrx_word' id='word_1_86' title='bbox 1542 1837 1679 1937; x_wconf 89' lang='lat' dir='ltr'><strong>generis</strong></span> <span class='ocrx_word' id='word_1_87' title='bbox 1698 1837 1842 1912; x_wconf 86' lang='lat' dir='ltr'><strong>humani</strong></span> <span class='ocrx_word' id='word_1_88' title='bbox 1862 1844 2041 1934; x_wconf 88' lang='lat' dir='ltr'><strong>penetrare</strong></span> <span class='ocrx_word' id='word_1_89' title='bbox 2060 1862 2189 1912; x_wconf 90' lang='lat' dir='ltr'><strong>conen·</strong></span> 
     </span>
     <span class='ocr_line' id='line_1_11' title="bbox 603 1955 2190 2057; baseline -0.003 -23"><span class='ocrx_word' id='word_1_90' title='bbox 603 1979 611 1989; x_wconf 94' lang='grc'><strong><em>·</em></strong></span> <span class='ocrx_word' id='word_1_91' title='bbox 674 1971 751 2048; x_wconf 91' lang='lat' dir='ltr'><strong>tur,</strong></span> <span class='ocrx_word' id='word_1_92' title='bbox 786 1959 840 2034; x_wconf 89' lang='lat' dir='ltr'><strong>vel</strong></span> <span class='ocrx_word' id='word_1_93' title='bbox 869 1959 975 2033; x_wconf 89' lang='lat' dir='ltr'><strong>etiam</strong></span> <span class='ocrx_word' id='word_1_94' title='bbox 1004 1957 1177 2057; x_wconf 90' lang='lat' dir='ltr'><strong>quomodo</strong></span> <span class='ocrx_word' id='word_1_95' title='bbox 1203 1957 1324 2056; x_wconf 91' lang='lat' dir='ltr'><strong>populi</strong></span> <span class='ocrx_word' id='word_1_96' title='bbox 1350 1957 1501 2032; x_wconf 88' lang='lat' dir='ltr'><strong>indolem</strong></span> <span class='ocrx_word' id='word_1_97' title='bbox 1531 1981 1631 2032; x_wconf 88' lang='lat' dir='ltr'><strong>susm</strong></span> <span class='ocrx_word' id='word_1_98' title='bbox 1659 1964 1765 2055; x_wconf 90' lang='lat' dir='ltr'><strong>atque</strong></span> <span class='ocrx_word' id='word_1_99' title='bbox 1788 1955 1965 2055; x_wconf 76' lang='lat' dir='ltr'><strong>ingenium</strong></span> <span class='ocrx_word' id='word_1_100' title='bbox 1992 1955 2030 2029; x_wconf 94' lang='lat' dir='ltr'><strong>in</strong></span> <span class='ocrx_word' id='word_1_101' title='bbox 2055 1955 2190 2045; x_wconf 88' lang='lat' dir='ltr'><strong>literis,</strong></span> 
     </span>
     <span class='ocr_line' id='line_1_12' title="bbox 674 2074 2186 2177; baseline -0.003 -23"><span class='ocrx_word' id='word_1_102' title='bbox 674 2078 826 2166; x_wconf 89' lang='lat' dir='ltr'><strong>artibus,</strong></span> <span class='ocrx_word' id='word_1_103' title='bbox 850 2077 979 2177; x_wconf 89' lang='lat' dir='ltr'><strong>linguis</strong></span> <span class='ocrx_word' id='word_1_104' title='bbox 998 2076 1192 2152; x_wconf 82' lang='lat' dir='ltr'><strong>excolendis</strong></span> <span class='ocrx_word' id='word_1_105' title='bbox 1210 2076 1247 2149; x_wconf 92' lang='lat' dir='ltr'><strong>in</strong></span> <span class='ocrx_word' id='word_1_106' title='bbox 1266 2075 1372 2151; x_wconf 92' lang='lat' dir='ltr'><strong>rebus</strong></span> <span class='ocrx_word' id='word_1_107' title='bbox 1391 2075 1487 2151; x_wconf 91' lang='lat' dir='ltr'><strong>domi</strong></span> <span class='ocrx_word' id='word_1_108' title='bbox 1505 2076 1806 2175; x_wconf 88' lang='lat' dir='ltr'><strong>militiaevegestis</strong></span> <span class='ocrx_word' id='word_1_109' title='bbox 1818 2074 2063 2174; x_wconf 82' lang='lat' dir='ltr'><strong>expresserint,</strong></span> <span class='ocrx_word' id='word_1_110' title='bbox 2086 2099 2186 2174; x_wconf 89' lang='lat' dir='ltr'><strong>sepa·</strong></span> 
     </span>
     <span class='ocr_line' id='line_1_13' title="bbox 674 2194 2192 2294; baseline -0.003 -22"><span class='ocrx_word' id='word_1_111' title='bbox 674 2197 776 2272; x_wconf 86' lang='lat' dir='ltr'><strong>ratim</strong></span> <span class='ocrx_word' id='word_1_112' title='bbox 816 2197 1018 2288; x_wconf 78' lang='lat' dir='ltr'><strong>memoriae¹</strong></span> <span class='ocrx_word' id='word_1_113' title='bbox 1044 2196 1194 2271; x_wconf 86' lang='lat' dir='ltr'><strong>tradant.</strong></span> <span class='ocrx_word' id='word_1_114' title='bbox 1257 2196 1361 2270; x_wconf 88' lang='lat' dir='ltr'><strong>Meae</strong></span> <span class='ocrx_word' id='word_1_115' title='bbox 1398 2203 1517 2271; x_wconf 84' lang='lat' dir='ltr'><strong>autem</strong></span> <span class='ocrx_word' id='word_1_116' title='bbox 1552 2195 1796 2294; x_wconf 72' lang='lat' dir='ltr'><strong>disputationis</strong></span> <span class='ocrx_word' id='word_1_117' title='bbox 1825 2202 1879 2270; x_wconf 88' lang='lat' dir='ltr'><strong>est</strong></span> <span class='ocrx_word' id='word_1_118' title='bbox 1915 2194 2089 2294; x_wconf 85' lang='lat' dir='ltr'><strong>huiusque</strong></span> <span class='ocrx_word' id='word_1_119' title='bbox 2122 2194 2192 2269; x_wconf 90' lang='lat' dir='ltr'><strong>loci</strong></span> 
     </span>
     <span class='ocr_line' id='line_1_14' title="bbox 653 2314 2241 2416; baseline 0 -26"><span class='ocrx_word' id='word_1_120' title='bbox 653 2315 831 2416; x_wconf 76' lang='lat' dir='ltr'><strong>inprimis</strong></span> <span class='ocrx_word' id='word_1_121' title='bbox 849 2339 1116 2390; x_wconf 89' lang='lat' dir='ltr'><strong>commemorare</strong></span> <span class='ocrx_word' id='word_1_122' title='bbox 1140 2325 1176 2388; x_wconf 88' lang='lat' dir='ltr'><strong>et</strong></span> <span class='ocrx_word' id='word_1_123' title='bbox 1200 2314 1389 2403; x_wconf 85' lang='lat' dir='ltr'><strong>celebrere,</strong></span> <span class='ocrx_word' id='word_1_124' title='bbox 1412 2315 1458 2389; x_wconf 89' lang='lat' dir='ltr'><strong>ad</strong></span> <span class='ocrx_word' id='word_1_125' title='bbox 1477 2315 1658 2390; x_wconf 82' lang='lat' dir='ltr'><strong>societates</strong></span> <span class='ocrx_word' id='word_1_126' title='bbox 1677 2315 1770 2414; x_wconf 86' lang='lat' dir='ltr'><strong>ipsas</strong></span> <span class='ocrx_word' id='word_1_127' title='bbox 1794 2314 1953 2388; x_wconf 82' lang='lat' dir='ltr'><strong>divinum</strong></span> <span class='ocrx_word' id='word_1_128' title='bbox 1977 2314 2066 2389; x_wconf 92' lang='lat' dir='ltr'><strong>illud</strong></span> <span class='ocrx_word' id='word_1_129' title='bbox 2094 2338 2192 2413; x_wconf 88' lang='lat' dir='ltr'><strong>prae·</strong></span> <span class='ocrx_word' id='word_1_130' title='bbox 2236 2378 2241 2390; x_wconf 94' lang='lat'><strong>.</strong></span> 
     </span>
     <span class='ocr_line' id='line_1_15' title="bbox 673 2413 2192 2534; baseline -0.002 -24"><span class='ocrx_word' id='word_1_131' title='bbox 673 2442 814 2534; x_wconf 89' lang='lat' dir='ltr'><strong>ceptum</strong></span> <span class='ocrx_word' id='word_1_132' title='bbox 854 2433 1037 2533; x_wconf 86' lang='lat' dir='ltr'><strong>omnisque</strong></span> <span class='ocrx_word' id='word_1_133' title='bbox 1081 2457 1180 2508; x_wconf 88' lang='lat' dir='ltr'><strong>verae</strong></span> <span class='ocrx_word' id='word_1_134' title='bbox 1216 2413 1451 2532; x_wconf 80' lang='lat' dir='ltr'><strong>philosophiae</strong></span> <span class='ocrx_word' id='word_1_135' title='bbox 1486 2433 1696 2532; x_wconf 88' lang='lat' dir='ltr'><strong>principium</strong></span> <span class='ocrx_word' id='word_1_136' title='bbox 1728 2439 1857 2534; x_wconf 74' lang='grc' dir='ltr'><em>γνῶθι</em></span> <span class='ocrx_word' id='word_1_137' title='bbox 1894 2442 2063 2511; x_wconf 72' lang='grc' dir='ltr'><strong>σεαυτόν</strong></span> <span class='ocrx_word' id='word_1_138' title='bbox 2097 2458 2192 2508; x_wconf 91' lang='lat' dir='ltr'><strong>nunc</strong></span> 
     </span>
     <span class='ocr_line' id='line_1_16' title="bbox 673 2538 2209 2654; baseline 0.001 -26"><span class='ocrx_word' id='word_1_139' title='bbox 673 2553 894 2654; x_wconf 88' lang='lat' dir='ltr'><strong>potissimum</strong></span> <span class='ocrx_word' id='word_1_140' title='bbox 918 2553 1031 2653; x_wconf 88' lang='lat' dir='ltr'><strong>magis</strong></span> <span class='ocrx_word' id='word_1_141' title='bbox 1055 2553 1237 2652; x_wconf 90' lang='lat' dir='ltr'><strong>magisque</strong></span> <span class='ocrx_word' id='word_1_142' title='bbox 1259 2553 1395 2628; x_wconf 89' lang='lat' dir='ltr'><strong>traduci</strong></span> <span class='ocrx_word' id='word_1_143' title='bbox 1417 2561 1580 2653; x_wconf 86' lang='lat' dir='ltr'><strong>coeptum</strong></span> <span class='ocrx_word' id='word_1_144' title='bbox 1605 2579 1690 2631; x_wconf 91' lang='lat' dir='ltr'><strong>esse.</strong></span> <span class='ocrx_word' id='word_1_145' title='bbox 2206 2538 2209 2545; x_wconf 39' lang='lat'><strong>¹</strong></span> 
     </span>
    </p>

    <p class='ocr_par' dir='ltr' id='par_1_3' title="bbox 671 2672 2196 4204">
     <span class='ocr_line' id='line_1_17' title="bbox 724 2672 2192 2775; baseline 0.001 -28"><span class='ocrx_word' id='word_1_146' title='bbox 724 2675 815 2748; x_wconf 88' lang='lat' dir='ltr'><strong>Sunt</strong></span> <span class='ocrx_word' id='word_1_147' title='bbox 853 2672 998 2748; x_wconf 69' lang='lat' dir='ltr'><strong>sonasse</strong></span> <span class='ocrx_word' id='word_1_148' title='bbox 1037 2673 1120 2772; x_wconf 92' lang='lat' dir='ltr'><strong>qui,</strong></span> <span class='ocrx_word' id='word_1_149' title='bbox 1167 2672 1326 2770; x_wconf 87' lang='lat' dir='ltr'><strong>quamvis</strong></span> <span class='ocrx_word' id='word_1_150' title='bbox 1359 2698 1430 2748; x_wconf 91' lang='lat' dir='ltr'><strong>non</strong></span> <span class='ocrx_word' id='word_1_151' title='bbox 1467 2684 1616 2774; x_wconf 87' lang='lat' dir='ltr'><strong>negent,</strong></span> <span class='ocrx_word' id='word_1_152' title='bbox 1652 2675 1748 2774; x_wconf 91' lang='lat' dir='ltr'><strong>quod</strong></span> <span class='ocrx_word' id='word_1_153' title='bbox 1785 2701 1852 2775; x_wconf 91' lang='lat' dir='ltr'><strong>ego</strong></span> <span class='ocrx_word' id='word_1_154' title='bbox 1888 2677 1999 2752; x_wconf 85' lang='lat' dir='ltr'><strong>laetus</strong></span> <span class='ocrx_word' id='word_1_155' title='bbox 2032 2677 2192 2760; x_wconf 88' lang='lat' dir='ltr'><strong>affirmo,</strong></span> 
     </span>
     <span class='ocr_line' id='line_1_18' title="bbox 672 2790 2190 2892; baseline -0.001 -26"><span class='ocrx_word' id='word_1_156' title='bbox 672 2804 790 2868; x_wconf 88' lang='lat' dir='ltr'><strong>tamen</strong></span> <span class='ocrx_word' id='word_1_157' title='bbox 817 2791 1028 2866; x_wconf 89' lang='lat' dir='ltr'><strong>contendant</strong></span> <span class='ocrx_word' id='word_1_158' title='bbox 1055 2791 1120 2866; x_wconf 93' lang='lat' dir='ltr'><strong>hoc</strong></span> <span class='ocrx_word' id='word_1_159' title='bbox 1144 2791 1246 2865; x_wconf 91' lang='lat' dir='ltr'><strong>unice</strong></span> <span class='ocrx_word' id='word_1_160' title='bbox 1269 2790 1537 2866; x_wconf 87' lang='lat' dir='ltr'><strong>adscribendum</strong></span> <span class='ocrx_word' id='word_1_161' title='bbox 1561 2817 1636 2866; x_wconf 86' lang='lat' dir='ltr'><strong>esse</strong></span> <span class='ocrx_word' id='word_1_162' title='bbox 1660 2792 1761 2867; x_wconf 89' lang='lat' dir='ltr'><strong>mulis</strong></span> <span class='ocrx_word' id='word_1_163' title='bbox 1784 2802 1890 2892; x_wconf 89' lang='lat' dir='ltr'><strong>atque</strong></span> <span class='ocrx_word' id='word_1_164' title='bbox 1911 2792 2190 2878; x_wconf 86' lang='lat' dir='ltr'><strong>calamitatibus,</strong></span> 
     </span>
     <span class='ocr_line' id='line_1_19' title="bbox 674 2908 2191 3010; baseline -0.001 -24"><span class='ocrx_word' id='word_1_165' title='bbox 674 2911 805 3010; x_wconf 91' lang='lat' dir='ltr'><strong>quibus</strong></span> <span class='ocrx_word' id='word_1_166' title='bbox 829 2916 902 2984; x_wconf 90' lang='lat' dir='ltr'><strong>tam</strong></span> <span class='ocrx_word' id='word_1_167' title='bbox 925 2909 1074 3008; x_wconf 87' lang='lat' dir='ltr'><strong>graviter</strong></span> <span class='ocrx_word' id='word_1_168' title='bbox 1099 2908 1219 3006; x_wconf 91' lang='lat' dir='ltr'><strong>populi</strong></span> <span class='ocrx_word' id='word_1_169' title='bbox 1240 2932 1421 3007; x_wconf 81' lang='lat' dir='ltr'><strong>oppressos</strong></span> <span class='ocrx_word' id='word_1_170' title='bbox 1445 2933 1521 2984; x_wconf 89' lang='lat' dir='ltr'><strong>sese</strong></span> <span class='ocrx_word' id='word_1_171' title='bbox 1545 2909 1699 2985; x_wconf 89' lang='lat' dir='ltr'><strong>sentiunt</strong></span> <span class='ocrx_word' id='word_1_172' title='bbox 1721 2919 1762 2986; x_wconf 92' lang='lat' dir='ltr'><strong>ut</strong></span> <span class='ocrx_word' id='word_1_173' title='bbox 1785 2912 1888 2987; x_wconf 81' lang='lat' dir='ltr'><strong>anxie</strong></span> <span class='ocrx_word' id='word_1_174' title='bbox 1909 2912 2061 2987; x_wconf 88' lang='lat' dir='ltr'><strong>remedia</strong></span> <span class='ocrx_word' id='word_1_175' title='bbox 2080 2935 2191 3010; x_wconf 90' lang='lat' dir='ltr'><strong>quae·</strong></span> 
     </span>
     <span class='ocr_line' id='line_1_20' title="bbox 673 3024 2196 3128; baseline -0.002 -22"><span class='ocrx_word' id='word_1_176' title='bbox 673 3038 752 3106; x_wconf 90' lang='lat' dir='ltr'><strong>rant</strong></span> <span class='ocrx_word' id='word_1_177' title='bbox 774 3027 1020 3127; x_wconf 86' lang='lat' dir='ltr'><strong>interdumque</strong></span> <span class='ocrx_word' id='word_1_178' title='bbox 1039 3051 1102 3127; x_wconf 86' lang='lat' dir='ltr'><strong>pro</strong></span> <span class='ocrx_word' id='word_1_179' title='bbox 1115 3024 1326 3102; x_wconf 86' lang='lat' dir='ltr'><strong>salutaribus</strong></span> <span class='ocrx_word' id='word_1_180' title='bbox 1344 3027 1518 3102; x_wconf 81' lang='lat' dir='ltr'><strong>mortifera</strong></span> <span class='ocrx_word' id='word_1_181' title='bbox 1540 3027 1608 3101; x_wconf 91' lang='lat' dir='ltr'><strong>sibi</strong></span> <span class='ocrx_word' id='word_1_182' title='bbox 1627 3036 1838 3126; x_wconf 86' lang='lat' dir='ltr'><strong>comparent.</strong></span> <span class='ocrx_word' id='word_1_183' title='bbox 1864 3029 1990 3128; x_wconf 89' lang='lat' dir='ltr'><strong>Itaque</strong></span> <span class='ocrx_word' id='word_1_184' title='bbox 2010 3035 2196 3128; x_wconf 85' lang='lat' dir='ltr'><strong>propterea</strong></span> 
     </span>
     <span class='ocr_line' id='line_1_21' title="bbox 673 3146 2194 3249; baseline -0.002 -24"><span class='ocrx_word' id='word_1_185' title='bbox 673 3157 800 3249; x_wconf 88' lang='lat' dir='ltr'><strong>putant</strong></span> <span class='ocrx_word' id='word_1_186' title='bbox 838 3146 989 3223; x_wconf 84' lang='lat' dir='ltr'><strong>maxima</strong></span> <span class='ocrx_word' id='word_1_187' title='bbox 1020 3171 1102 3220; x_wconf 88' lang='lat' dir='ltr'><strong>curn</strong></span> <span class='ocrx_word' id='word_1_188' title='bbox 1142 3169 1225 3221; x_wconf 90' lang='lat' dir='ltr'><strong>eura</strong></span> <span class='ocrx_word' id='word_1_189' title='bbox 1257 3153 1364 3244; x_wconf 86' lang='lat' dir='ltr'><strong>atque</strong></span> <span class='ocrx_word' id='word_1_190' title='bbox 1402 3147 1510 3221; x_wconf 90' lang='lat' dir='ltr'><strong>animi</strong></span> <span class='ocrx_word' id='word_1_191' title='bbox 1545 3146 1774 3222; x_wconf 90' lang='lat' dir='ltr'><strong>sollieitudine</strong></span> <span class='ocrx_word' id='word_1_192' title='bbox 1804 3149 1842 3221; x_wconf 91' lang='lat' dir='ltr'><strong>in</strong></span> <span class='ocrx_word' id='word_1_193' title='bbox 1876 3147 2042 3248; x_wconf 83' lang='lat' dir='ltr'><strong>egestatis</strong></span> <span class='ocrx_word' id='word_1_194' title='bbox 2070 3173 2194 3223; x_wconf 89' lang='lat' dir='ltr'><strong>causas</strong></span> 
     </span>
     <span class='ocr_line' id='line_1_22' title="bbox 671 3265 2194 3369; baseline -0.003 -25"><span class='ocrx_word' id='word_1_195' title='bbox 671 3268 820 3369; x_wconf 90' lang='lat' dir='ltr'><strong>inquiri,</strong></span> <span class='ocrx_word' id='word_1_196' title='bbox 859 3267 1024 3367; x_wconf 88' lang='lat' dir='ltr'><strong>quonism</strong></span> <span class='ocrx_word' id='word_1_197' title='bbox 1058 3289 1249 3364; x_wconf 73' lang='lat' dir='ltr'><strong>egenmm</strong></span> <span class='ocrx_word' id='word_1_198' title='bbox 1281 3288 1449 3340; x_wconf 89' lang='lat' dir='ltr'><strong>numerus</strong></span> <span class='ocrx_word' id='word_1_199' title='bbox 1480 3289 1674 3363; x_wconf 88' lang='lat' dir='ltr'><strong>numquam</strong></span> <span class='ocrx_word' id='word_1_200' title='bbox 1705 3272 1825 3340; x_wconf 82' lang='lat' dir='ltr'><strong>tantm</strong></span> <span class='ocrx_word' id='word_1_201' title='bbox 1859 3265 1966 3341; x_wconf 88' lang='lat' dir='ltr'><strong>fuerit</strong></span> <span class='ocrx_word' id='word_1_202' title='bbox 1997 3266 2095 3365; x_wconf 84' lang='lat' dir='ltr'><strong>apud</strong></span> <span class='ocrx_word' id='word_1_203' title='bbox 2132 3289 2194 3340; x_wconf 91' lang='lat' dir='ltr'><strong>eos</strong></span> 
     </span>
     <span class='ocr_line' id='line_1_23' title="bbox 673 3384 2190 3489; baseline -0.005 -23"><span class='ocrx_word' id='word_1_204' title='bbox 673 3389 838 3489; x_wconf 90' lang='lat' dir='ltr'><strong>populos,</strong></span> <span class='ocrx_word' id='word_1_205' title='bbox 876 3387 939 3485; x_wconf 91' lang='lat' dir='ltr'><strong>qui</strong></span> <span class='ocrx_word' id='word_1_206' title='bbox 968 3386 1059 3462; x_wconf 91' lang='lat' dir='ltr'><strong>inter</strong></span> <span class='ocrx_word' id='word_1_207' title='bbox 1086 3384 1217 3485; x_wconf 89' lang='lat' dir='ltr'><strong>optime</strong></span> <span class='ocrx_word' id='word_1_208' title='bbox 1250 3394 1401 3460; x_wconf 87' lang='lat' dir='ltr'><strong>moratos</strong></span> <span class='ocrx_word' id='word_1_209' title='bbox 1430 3393 1468 3460; x_wconf 90' lang='lat' dir='ltr'><strong>et</strong></span> <span class='ocrx_word' id='word_1_210' title='bbox 1497 3384 1757 3459; x_wconf 86' lang='lat' dir='ltr'><strong>florentissimos</strong></span> <span class='ocrx_word' id='word_1_211' title='bbox 1785 3384 1881 3461; x_wconf 85' lang='lat' dir='ltr'><strong>haud</strong></span> <span class='ocrx_word' id='word_1_212' title='bbox 1906 3385 2082 3460; x_wconf 84' lang='lat' dir='ltr'><strong>immerito</strong></span> <span class='ocrx_word' id='word_1_213' title='bbox 2109 3409 2190 3459; x_wconf 88' lang='lat' dir='ltr'><strong>oen·</strong></span> 
     </span>
     <span class='ocr_line' id='line_1_24' title="bbox 673 3502 2189 3608; baseline -0.005 -22"><span class='ocrx_word' id='word_1_214' title='bbox 673 3519 811 3600; x_wconf 85' lang='lat' dir='ltr'><strong>santur,</strong></span> <span class='ocrx_word' id='word_1_215' title='bbox 841 3514 994 3608; x_wconf 86' lang='lat' dir='ltr'><strong>quantus</strong></span> <span class='ocrx_word' id='word_1_216' title='bbox 1026 3505 1152 3586; x_wconf 91' lang='lat' dir='ltr'><strong>uostris</strong></span> <span class='ocrx_word' id='word_1_217' title='bbox 1175 3503 1406 3603; x_wconf 73' lang='lat' dir='ltr'><strong>temporibuse</strong></span> <span class='ocrx_word' id='word_1_218' title='bbox 1440 3505 1520 3580; x_wconf 93' lang='lat' dir='ltr'><strong>ideo</strong></span> <span class='ocrx_word' id='word_1_219' title='bbox 1540 3504 1585 3579; x_wconf 90' lang='lat' dir='ltr'><strong>de</strong></span> <span class='ocrx_word' id='word_1_220' title='bbox 1608 3502 1729 3604; x_wconf 92' lang='lat' dir='ltr'><strong>poenis</strong></span> <span class='ocrx_word' id='word_1_221' title='bbox 1750 3503 1972 3602; x_wconf 86' lang='lat' dir='ltr'><strong>mitigandis,</strong></span> <span class='ocrx_word' id='word_1_222' title='bbox 2007 3505 2053 3578; x_wconf 92' lang='lat' dir='ltr'><strong>de</strong></span> <span class='ocrx_word' id='word_1_223' title='bbox 2075 3528 2189 3579; x_wconf 87' lang='lat' dir='ltr'><strong>caroe-</strong></span> 
     </span>
     <span class='ocr_line' id='line_1_25' title="bbox 672 3621 2192 3723; baseline -0.003 -20"><span class='ocrx_word' id='word_1_224' title='bbox 672 3629 770 3703; x_wconf 91' lang='lat' dir='ltr'><strong>ribus</strong></span> <span class='ocrx_word' id='word_1_225' title='bbox 792 3625 1036 3714; x_wconf 88' lang='lat' dir='ltr'><strong>emendandis,</strong></span> <span class='ocrx_word' id='word_1_226' title='bbox 1059 3623 1131 3698; x_wconf 91' lang='lat' dir='ltr'><strong>imo</strong></span> <span class='ocrx_word' id='word_1_227' title='bbox 1154 3647 1235 3696; x_wconf 85' lang='lat' dir='ltr'><strong>vero</strong></span> <span class='ocrx_word' id='word_1_228' title='bbox 1255 3621 1300 3696; x_wconf 91' lang='lat' dir='ltr'><strong>de</strong></span> <span class='ocrx_word' id='word_1_229' title='bbox 1318 3621 1509 3697; x_wconf 90' lang='lat' dir='ltr'><strong>innumeris</strong></span> <span class='ocrx_word' id='word_1_230' title='bbox 1526 3622 1636 3710; x_wconf 81' lang='lat' dir='ltr'><strong>vitiis,</strong></span> <span class='ocrx_word' id='word_1_231' title='bbox 1662 3646 1754 3720; x_wconf 92' lang='lat' dir='ltr'><strong>quse</strong></span> <span class='ocrx_word' id='word_1_232' title='bbox 1770 3623 1807 3696; x_wconf 95' lang='lat' dir='ltr'><strong>in</strong></span> <span class='ocrx_word' id='word_1_233' title='bbox 1831 3647 1948 3698; x_wconf 89' lang='lat' dir='ltr'><strong>rerum</strong></span> <span class='ocrx_word' id='word_1_234' title='bbox 1968 3623 2192 3723; x_wconf 84' lang='lat' dir='ltr'><strong>publicarum</strong></span> 
     </span>
     <span class='ocr_line' id='line_1_26' title="bbox 675 3741 2190 3847; baseline -0.004 -25"><span class='ocrx_word' id='word_1_235' title='bbox 675 3750 790 3847; x_wconf 91' lang='lat' dir='ltr'><strong>leges,</strong></span> <span class='ocrx_word' id='word_1_236' title='bbox 825 3746 1004 3832; x_wconf 88' lang='lat' dir='ltr'><strong>instituta,</strong></span> <span class='ocrx_word' id='word_1_237' title='bbox 1035 3743 1131 3830; x_wconf 91' lang='lat' dir='ltr'><strong>iura,</strong></span> <span class='ocrx_word' id='word_1_238' title='bbox 1158 3765 1289 3830; x_wconf 89' lang='lat' dir='ltr'><strong>mores,</strong></span> <span class='ocrx_word' id='word_1_239' title='bbox 1312 3766 1427 3830; x_wconf 90' lang='lat' dir='ltr'><strong>sacra,</strong></span> <span class='ocrx_word' id='word_1_240' title='bbox 1446 3766 1509 3841; x_wconf 90' lang='lat' dir='ltr'><strong>per</strong></span> <span class='ocrx_word' id='word_1_241' title='bbox 1527 3741 1709 3817; x_wconf 88' lang='lat' dir='ltr'><strong>bominum</strong></span> <span class='ocrx_word' id='word_1_242' title='bbox 1733 3742 1985 3840; x_wconf 88' lang='lat' dir='ltr'><strong>ignorantiam,</strong></span> <span class='ocrx_word' id='word_1_243' title='bbox 2006 3742 2190 3816; x_wconf 84' lang='lat' dir='ltr'><strong>infirmita·</strong></span> 
     </span>
     <span class='ocr_line' id='line_1_27' title="bbox 674 3860 2193 3962; baseline -0.002 -23"><span class='ocrx_word' id='word_1_244' title='bbox 674 3875 767 3952; x_wconf 91' lang='lat' dir='ltr'><strong>tem,</strong></span> <span class='ocrx_word' id='word_1_245' title='bbox 795 3869 936 3962; x_wconf 88' lang='lat' dir='ltr'><strong>peecata</strong></span> <span class='ocrx_word' id='word_1_246' title='bbox 954 3861 1172 3960; x_wconf 87' lang='lat' dir='ltr'><strong>irrepserint,</strong></span> <span class='ocrx_word' id='word_1_247' title='bbox 1193 3860 1355 3935; x_wconf 86' lang='lat' dir='ltr'><strong>tollendis</strong></span> <span class='ocrx_word' id='word_1_248' title='bbox 1372 3861 1516 3960; x_wconf 86' lang='lat' dir='ltr'><strong>eogitari</strong></span> <span class='ocrx_word' id='word_1_249' title='bbox 1536 3868 1641 3960; x_wconf 86' lang='lat' dir='ltr'><strong>atque</strong></span> <span class='ocrx_word' id='word_1_250' title='bbox 1663 3861 1744 3961; x_wconf 90' lang='lat' dir='ltr'><strong>agi,</strong></span> <span class='ocrx_word' id='word_1_251' title='bbox 1768 3863 1851 3961; x_wconf 90' lang='lat' dir='ltr'><strong>quia</strong></span> <span class='ocrx_word' id='word_1_252' title='bbox 1870 3886 2066 3960; x_wconf 86' lang='lat' dir='ltr'><strong>numquam</strong></span> <span class='ocrx_word' id='word_1_253' title='bbox 2088 3871 2193 3936; x_wconf 74' lang='lat' dir='ltr'><strong>antm</strong></span> 
     </span>
     <span class='ocr_line' id='line_1_28' title="bbox 675 3979 2193 4083; baseline -0.003 -23"><span class='ocrx_word' id='word_1_254' title='bbox 675 3983 787 4083; x_wconf 85' lang='lat' dir='ltr'><strong>megia</strong></span> <span class='ocrx_word' id='word_1_255' title='bbox 817 3980 1005 4080; x_wconf 85' lang='lat' dir='ltr'><strong>conspicue</strong></span> <span class='ocrx_word' id='word_1_256' title='bbox 1026 3979 1165 4056; x_wconf 84' lang='lat' dir='ltr'><strong>fuerint.</strong></span> <span class='ocrx_word' id='word_1_257' title='bbox 1216 3981 1287 4055; x_wconf 85' lang='lat' dir='ltr'><strong>Sed</strong></span> <span class='ocrx_word' id='word_1_258' title='bbox 1311 3982 1376 4057; x_wconf 90' lang='lat' dir='ltr'><strong>hoc</strong></span> <span class='ocrx_word' id='word_1_259' title='bbox 1399 3981 1536 4082; x_wconf 91' lang='lat' dir='ltr'><strong>ipsum,</strong></span> <span class='ocrx_word' id='word_1_260' title='bbox 1565 3980 1683 4057; x_wconf 88' lang='lat' dir='ltr'><strong>omnis</strong></span> <span class='ocrx_word' id='word_1_261' title='bbox 1707 3981 1767 4056; x_wconf 87' lang='lat' dir='ltr'><strong>illa</strong></span> <span class='ocrx_word' id='word_1_262' title='bbox 1787 4005 1882 4056; x_wconf 89' lang='lat' dir='ltr'><strong>nunc</strong></span> <span class='ocrx_word' id='word_1_263' title='bbox 1903 3984 2089 4081; x_wconf 80' lang='lat' dir='ltr'><strong>conspicua</strong></span> <span class='ocrx_word' id='word_1_264' title='bbox 2114 4005 2193 4056; x_wconf 86' lang='lat' dir='ltr'><strong>esse</strong></span> 
     </span>
     <span class='ocr_line' id='line_1_29' title="bbox 676 4097 2191 4204; baseline -0.003 -26"><span class='ocrx_word' id='word_1_265' title='bbox 676 4127 765 4204; x_wconf 89' lang='lat' dir='ltr'><strong>quse</strong></span> <span class='ocrx_word' id='word_1_266' title='bbox 793 4099 877 4176; x_wconf 92' lang='lat' dir='ltr'><strong>olim</strong></span> <span class='ocrx_word' id='word_1_267' title='bbox 909 4097 1038 4198; x_wconf 86' lang='lat' dir='ltr'><strong>pariter</strong></span> <span class='ocrx_word' id='word_1_268' title='bbox 1064 4098 1227 4189; x_wconf 89' lang='lat' dir='ltr'><strong>aderant,</strong></span> <span class='ocrx_word' id='word_1_269' title='bbox 1256 4124 1321 4176; x_wconf 88' lang='lat' dir='ltr'><strong>neo</strong></span> <span class='ocrx_word' id='word_1_270' title='bbox 1342 4123 1420 4178; x_wconf 84' lang='lat' dir='ltr'><strong>raro</strong></span> <span class='ocrx_word' id='word_1_271' title='bbox 1445 4100 1558 4176; x_wconf 90' lang='lat' dir='ltr'><strong>multo</strong></span> <span class='ocrx_word' id='word_1_272' title='bbox 1580 4101 1693 4200; x_wconf 88' lang='lat' dir='ltr'><strong>magis</strong></span> <span class='ocrx_word' id='word_1_273' title='bbox 1715 4125 1822 4199; x_wconf 91' lang='lat' dir='ltr'><strong>quam</strong></span> <span class='ocrx_word' id='word_1_274' title='bbox 1841 4109 1960 4176; x_wconf 87' lang='lat' dir='ltr'><strong>nostro</strong></span> <span class='ocrx_word' id='word_1_275' title='bbox 1987 4127 2088 4190; x_wconf 84' lang='lat' dir='ltr'><strong>aevo,</strong></span> <span class='ocrx_word' id='word_1_276' title='bbox 2122 4127 2191 4174; x_wconf 73' lang='lat' dir='ltr'><strong>nos</strong></span> 
     </span>
    </p>
   </div>
   <div class='ocr_carea' id='block_1_3' title="bbox 627 4217 2195 4916">
    <p class='ocr_par' dir='ltr' id='par_1_4' title="bbox 627 4217 2195 4916">
     <span class='ocr_line' id='line_1_30' title="bbox 672 4217 2190 4322; baseline -0.003 -24"><span class='ocrx_word' id='word_1_277' title='bbox 672 4247 752 4298; x_wconf 84' lang='lat' dir='ltr'><strong>vero</strong></span> <span class='ocrx_word' id='word_1_278' title='bbox 775 4221 1087 4322; x_wconf 61' lang='lat' dir='ltr'><strong>conspsmebnntsm</strong></span> <span class='ocrx_word' id='word_1_279' title='bbox 1115 4219 1255 4318; x_wconf 88' lang='lat' dir='ltr'><strong>penitus</strong></span> <span class='ocrx_word' id='word_1_280' title='bbox 1286 4244 1309 4294; x_wconf 88' lang='lat' dir='ltr'><strong>a</strong></span> <span class='ocrx_word' id='word_1_281' title='bbox 1335 4219 1517 4319; x_wconf 89' lang='lat' dir='ltr'><strong>permultis</strong></span> <span class='ocrx_word' id='word_1_282' title='bbox 1546 4217 1729 4318; x_wconf 88' lang='lat' dir='ltr'><strong>persentiri</strong></span> <span class='ocrx_word' id='word_1_283' title='bbox 1751 4218 1909 4294; x_wconf 91' lang='lat' dir='ltr'><strong>omnium</strong></span> <span class='ocrx_word' id='word_1_284' title='bbox 1929 4219 2069 4295; x_wconf 89' lang='lat' dir='ltr'><strong>illorum</strong></span> <span class='ocrx_word' id='word_1_285' title='bbox 2096 4243 2190 4294; x_wconf 92' lang='lat' dir='ltr'><strong>mor·</strong></span> 
     </span>
     <span class='ocr_line' id='line_1_31' title="bbox 675 4336 2193 4439; baseline -0.004 -21"><span class='ocrx_word' id='word_1_286' title='bbox 675 4343 799 4418; x_wconf 91' lang='lat' dir='ltr'><strong>borum</strong></span> <span class='ocrx_word' id='word_1_287' title='bbox 834 4339 1038 4439; x_wconf 87' lang='lat' dir='ltr'><strong>gravitatem</strong></span> <span class='ocrx_word' id='word_1_288' title='bbox 1068 4347 1173 4437; x_wconf 86' lang='lat' dir='ltr'><strong>etque</strong></span> <span class='ocrx_word' id='word_1_289' title='bbox 1202 4338 1420 4415; x_wconf 87' lang='lat' dir='ltr'><strong>imminentia</strong></span> <span class='ocrx_word' id='word_1_290' title='bbox 1455 4338 1610 4437; x_wconf 88' lang='lat' dir='ltr'><strong>undique</strong></span> <span class='ocrx_word' id='word_1_291' title='bbox 1641 4336 1863 4413; x_wconf 88' lang='lat' dir='ltr'><strong>societatibus</strong></span> <span class='ocrx_word' id='word_1_292' title='bbox 1889 4337 2193 4437; x_wconf 88' lang='lat' dir='ltr'><strong>humanitatisque</strong></span> 
     </span>
     <span class='ocr_line' id='line_1_32' title="bbox 627 4455 2190 4560; baseline -0.004 -22"><span class='ocrx_word' id='word_1_293' title='bbox 627 4468 632 4476; x_wconf 84' lang='lat'>&#39;</span> <span class='ocrx_word' id='word_1_294' title='bbox 675 4484 797 4538; x_wconf 88' lang='lat' dir='ltr'><strong>causae</strong></span> <span class='ocrx_word' id='word_1_295' title='bbox 819 4457 992 4560; x_wconf 79' lang='lat' dir='ltr'><strong>periculs3</strong></span> <span class='ocrx_word' id='word_1_296' title='bbox 1017 4456 1231 4534; x_wconf 90' lang='lat' dir='ltr'><strong>nobilissima</strong></span> <span class='ocrx_word' id='word_1_297' title='bbox 1251 4481 1411 4557; x_wconf 90' lang='lat' dir='ltr'><strong>quaeque</strong></span> <span class='ocrx_word' id='word_1_298' title='bbox 1432 4458 1572 4557; x_wconf 91' lang='lat' dir='ltr'><strong>ingenis</strong></span> <span class='ocrx_word' id='word_1_299' title='bbox 1591 4481 1662 4532; x_wconf 92' lang='lat' dir='ltr'><strong>uno</strong></span> <span class='ocrx_word' id='word_1_300' title='bbox 1683 4455 1791 4532; x_wconf 80' lang='lat' dir='ltr'><strong>veluti</strong></span> <span class='ocrx_word' id='word_1_301' title='bbox 1810 4481 1870 4532; x_wconf 93' lang='lat' dir='ltr'><strong>ore</strong></span> <span class='ocrx_word' id='word_1_302' title='bbox 1891 4457 2046 4556; x_wconf 82' lang='lat' dir='ltr'><strong>profiteri</strong></span> <span class='ocrx_word' id='word_1_303' title='bbox 2064 4459 2190 4533; x_wconf 91' lang='lat' dir='ltr'><strong>imma·</strong></span> 
     </span>
     <span class='ocr_line' id='line_1_33' title="bbox 675 4575 2195 4676; baseline -0.005 -19"><span class='ocrx_word' id='word_1_304' title='bbox 675 4605 756 4657; x_wconf 87' lang='lat' dir='ltr'><strong>nem</strong></span> <span class='ocrx_word' id='word_1_305' title='bbox 792 4602 868 4654; x_wconf 90' lang='lat' dir='ltr'><strong>esse</strong></span> <span class='ocrx_word' id='word_1_306' title='bbox 904 4575 1086 4652; x_wconf 90' lang='lat' dir='ltr'><strong>hominum</strong></span> <span class='ocrx_word' id='word_1_307' title='bbox 1123 4578 1324 4653; x_wconf 86' lang='lat' dir='ltr'><strong>servitutem</strong></span> <span class='ocrx_word' id='word_1_308' title='bbox 1361 4576 1521 4674; x_wconf 84' lang='lat' dir='ltr'><strong>bellaque</strong></span> <span class='ocrx_word' id='word_1_309' title='bbox 1556 4576 1683 4651; x_wconf 90' lang='lat' dir='ltr'><strong>belluis</strong></span> <span class='ocrx_word' id='word_1_310' title='bbox 1715 4575 1829 4675; x_wconf 87' lang='lat' dir='ltr'><strong>magis</strong></span> <span class='ocrx_word' id='word_1_311' title='bbox 1851 4601 1959 4676; x_wconf 88' lang='lat' dir='ltr'><strong>quum</strong></span> <span class='ocrx_word' id='word_1_312' title='bbox 1982 4576 2195 4652; x_wconf 85' lang='lat' dir='ltr'><strong>Christianis</strong></span> 
     </span>
     <span class='ocr_line' id='line_1_34' title="bbox 675 4695 2193 4798; baseline -0.003 -24"><span class='ocrx_word' id='word_1_313' title='bbox 675 4699 812 4798; x_wconf 91' lang='lat' dir='ltr'><strong>populis</strong></span> <span class='ocrx_word' id='word_1_314' title='bbox 845 4697 973 4796; x_wconf 89' lang='lat' dir='ltr'><strong>digna;</strong></span> <span class='ocrx_word' id='word_1_315' title='bbox 1012 4695 1079 4772; x_wconf 93' lang='lat' dir='ltr'><strong>hoc</strong></span> <span class='ocrx_word' id='word_1_316' title='bbox 1107 4695 1244 4794; x_wconf 90' lang='lat' dir='ltr'><strong>ipsum,</strong></span> <span class='ocrx_word' id='word_1_317' title='bbox 1276 4696 1440 4794; x_wconf 88' lang='lat' dir='ltr'><strong>inquam,</strong></span> <span class='ocrx_word' id='word_1_318' title='bbox 1474 4696 1610 4794; x_wconf 88' lang='lat' dir='ltr'><strong>aliaque</strong></span> <span class='ocrx_word' id='word_1_319' title='bbox 1631 4696 1743 4770; x_wconf 86' lang='lat' dir='ltr'><strong>multa</strong></span> <span class='ocrx_word' id='word_1_320' title='bbox 1766 4719 1883 4772; x_wconf 91' lang='lat' dir='ltr'><strong>nonne</strong></span> <span class='ocrx_word' id='word_1_321' title='bbox 1908 4698 2058 4796; x_wconf 89' lang='lat' dir='ltr'><strong>probant</strong></span> <span class='ocrx_word' id='word_1_322' title='bbox 2085 4697 2193 4771; x_wconf 82' lang='lat' dir='ltr'><strong>reris·</strong></span> 
     </span>
     <span class='ocr_line' id='line_1_35' title="bbox 676 4803 2194 4916; baseline 0 -24"><span class='ocrx_word' id='word_1_323' title='bbox 676 4821 762 4894; x_wconf 88' lang='lat' dir='ltr'><strong>aime</strong></span> <span class='ocrx_word' id='word_1_324' title='bbox 792 4841 848 4890; x_wconf 92' lang='lat' dir='ltr'><strong>me</strong></span> <span class='ocrx_word' id='word_1_325' title='bbox 877 4815 1084 4892; x_wconf 88' lang='lat' dir='ltr'><strong>contendere</strong></span> <span class='ocrx_word' id='word_1_326' title='bbox 1110 4803 1278 4915; x_wconf 87' lang='lat' dir='ltr'><strong>populos,</strong></span> <span class='ocrx_word' id='word_1_327' title='bbox 1308 4839 1379 4916; x_wconf 90' lang='lat' dir='ltr'><strong>quo</strong></span> <span class='ocrx_word' id='word_1_328' title='bbox 1401 4814 1563 4892; x_wconf 87' lang='lat' dir='ltr'><strong>cultiores</strong></span> <span class='ocrx_word' id='word_1_329' title='bbox 1586 4839 1703 4894; x_wconf 82' lang='lat' dir='ltr'><strong>revera</strong></span> <span class='ocrx_word' id='word_1_330' title='bbox 1724 4815 1831 4911; x_wconf 86' lang='lat' dir='ltr'><strong>fiant,</strong></span> <span class='ocrx_word' id='word_1_331' title='bbox 1861 4840 1904 4893; x_wconf 89' lang='lat' dir='ltr'><strong>eo</strong></span> <span class='ocrx_word' id='word_1_332' title='bbox 1927 4817 2121 4893; x_wconf 84' lang='lat' dir='ltr'><strong>studiosius</strong></span> <span class='ocrx_word' id='word_1_333' title='bbox 2143 4817 2194 4892; x_wconf 88' lang='lat' dir='ltr'><strong>sd</strong></span> 
     </span>
    </p>
   </div>
   <div class='ocr_carea' id='block_1_4' title="bbox 0 0 2450 6183">
    <p class='ocr_par' dir='ltr' id='par_1_5' title="bbox 0 0 2450 6183">
     <span class='ocr_line' id='line_1_36' title="bbox 0 0 2450 6183; baseline 0 0"><span class='ocrx_word' id='word_1_334' title='bbox 0 0 2450 6183; x_wconf 95' lang='lat' dir='ltr'><strong> </strong></span> 
     </span>
    </p>
   </div>
  </div>
 </body>
</html>
