4892 6184
878 695 1158 765 ORATIO.
1709 703 1774 773 807

261 904 389 1004 scripta
411 909 529 979 tamen
555 902 731 979 manentia
755 902 949 1001 accipiatis,
969 928 1034 980 nec
1055 904 1086 979 si
1108 903 1214 979 verba
1233 904 1349 1001 vplant
1371 906 1440 981 cito
1460 906 1632 1007 peritura,
1656 932 1776 987 eorum

261 1035 379 1101 tunmn
408 1024 508 1100 vivax
540 1023 755 1099 consuetudo
787 1022 885 1098 vobis
915 1031 1052 1124 pereat,
1082 1048 1212 1123 vosque
1242 1048 1377 1126 semper
1405 1026 1539 1103 intento
1561 1030 1677 1107 animo
1700 1054 1777 1107 esse

259 1144 421 1242 possitis,
452 1166 567 1241 neque
601 1166 667 1242 ego
697 1142 876 1241 ignorem,
909 1150 1082 1241 quatenus
1116 1144 1297 1221 conveniat
1326 1145 1554 1223 institutionis
1585 1151 1673 1225 ratio
1694 1174 1775 1227 eum

258 1262 471 1363 profectibus
504 1258 636 1337 vestris.
694 1261 831 1338 Deinde
863 1262 1031 1351 adhibeo,
1062 1288 1151 1363 quae
1186 1264 1303 1364 aliqua
1332 1288 1375 1339 ex
1408 1275 1505 1365 parte
1537 1270 1591 1345 vel
1616 1270 1774 1369 prodest,

258 1384 371 1481 ipsam
395 1389 549 1457 nostram
571 1381 799 1481 paucitatem,
822 1391 859 1457 et
884 1383 1026 1482 quinam
1054 1383 1184 1483 singuli
1205 1384 1297 1474 sitis,
1321 1392 1438 1487 mento
1464 1388 1579 1488 agito,
1611 1413 1675 1467 neo
1700 1398 1774 1467 tam

257 1501 296 1575 id
315 1524 401 1601 ago,
436 1509 477 1576 ut
505 1501 761 1577 institutionem
788 1503 885 1578 omni
913 1527 1058 1578 nurnero
1089 1503 1304 1594 absolutam,
1336 1506 1397 1581 sed
1423 1514 1464 1581 ut
1492 1508 1589 1585 vobis
1613 1518 1730 1609 aptam
1754 1536 1780 1586 a

257 1645 315 1697 me
336 1621 521 1721 accipiatis.
573 1622 752 1722 Denique,
783 1630 825 1698 ut
854 1623 913 1698 illa
942 1623 1120 1712 omittam,
1145 1648 1236 1722 quae
1258 1623 1356 1699 vobis
1384 1627 1490 1724 probe
1514 1636 1597 1704 nota
1622 1629 1698 1729 ipso
1718 1654 1774 1705 res

258 1740 403 1839 prodet,
427 1740 540 1816 sicubi
564 1741 691 1816 nostris
710 1741 917 1818 lectionibus
938 1742 1063 1842 aliquis
1083 1743 1249 1818 interesse
1271 1744 1373 1834 velit,
1397 1752 1476 1820 utor
1497 1746 1535 1823 in
1556 1755 1653 1846 parte
1676 1773 1772 1847 prae-

257 1859 447 1934 lectionum
471 1882 627 1934 sermone
656 1860 788 1959 patrio,
821 1869 860 1936 et
886 1868 926 1937 ut
949 1886 1011 1938 vos
1034 1862 1080 1937 ad
1103 1862 1306 1960 disciplinae
1330 1871 1467 1940 nostrae
1489 1866 1692 1965 gravitatem
1714 1892 1773 1943 ex·

256 1977 396 2065 tollam,
431 1978 506 2077 ipse
538 1979 631 2078 prior
660 2004 722 2056 vos
751 1980 858 2069 adeo,
891 2004 1016 2081 eaque·
1031 1981 1163 2056 rationo
1191 1982 1370 2058 vobiscum
1392 2009 1478 2084 ago,
1503 1987 1561 2060 cui
1582 1987 1653 2061 iam
1674 2010 1774 2085 pares

257 2120 333 2171 esse
360 2096 449 2171 mihi
483 2097 660 2175 videmini.
711 2100 818 2179 Quod
849 2099 880 2174 si
907 2100 970 2199 qiri
994 2100 1112 2176 minus
1141 2101 1310 2200 probant,
1344 2126 1458 2202 nequa
1480 2128 1536 2179 mc
1557 2112 1674 2180 tamen
1697 2105 1773 2181 iure

216 2310 220 2319 ι
256 2215 470 2315 culpabunt,
502 2218 599 2317 quod
632 2244 655 2293 a
684 2219 783 2294 vobis
816 2218 964 2319 intelligi
996 2220 1116 2295 malim
1148 2244 1257 2320 quam
1290 2221 1437 2321 suspici,
1470 2224 1564 2322 quod
1593 2223 1631 2297 id
1654 2248 1772 2300 cavere

259 2335 404 2425 studeo,
436 2360 482 2411 nc
508 2336 569 2413 illa
597 2362 705 2436 quam
736 2338 892 2415 altiorem
923 2347 1047 2415 vocant
1068 2339 1325 2416 institutionem
1348 2341 1453 2417 nimis
1477 2342 1547 2417 alta
1571 2346 1694 2443 petens
1719 2343 1773 2418 in-

258 2454 394 2530 stitutio
417 2480 492 2530 esse
514 2455 669 2545 desinat3
694 2465 757 2533 aut
777 2482 838 2534 vos
857 2466 1005 2558 arguent
1024 2484 1046 2533 a
1066 2459 1195 2559 quibus
1218 2459 1360 2535 meliora
1378 2484 1447 2536 non
1469 2459 1537 2535 nisi
1555 2461 1773 2562 iniquissima

256 2574 389 2650 ratione
423 2582 666 2674 exspectantur
698 2578 802 2678 eulpa
831 2603 901 2654 non
937 2585 1071 2668 vestra,
1105 2579 1167 2654 sed
1188 2578 1299 2680 ipsius
1322 2579 1549 2679 reipublicae,
1580 2606 1670 2680 quae
1693 2590 1773 2681 post

257 2702 349 2770 atras
380 2694 458 2771 illas
488 2695 667 2773 Kalendas
701 2697 810 2774 Iulias
838 2698 986 2799 proximi
1009 2697 1241 2799 quinquennii
1265 2698 1449 2775 stationem
1471 2699 1642 2791 deseruit,
1666 2726 1773 2801 quam

256 2814 392 2891 utinam
430 2814 573 2890 tandem
610 2825 774 2895 resumat.
823 2820 898 2894 Nos
930 2817 1062 2895 interea
1095 2817 1258 2893 dulcibus
1289 2818 1385 2907 istis,
1420 2843 1535 2918 neque
1565 2827 1606 2895 ut
1635 2821 1772 2896 confido

258 2934 443 3012 inutilibus
461 2936 641 3036 colloquiis
660 2937 789 3013 nostris
805 2936 940 3013 Ietinis
958 2937 995 3011 id
1015 2937 1119 3013 etiam
1136 2937 1175 3014 in
1191 2942 1368 3037 posterum
1382 2956 1550 3038 agamus,
1566 2964 1611 3014 ne
1629 2940 1774 3015 aemulis

258 3054 380 3128 vestris
413 3055 543 3131 cedatis
574 3056 613 3131 in
638 3056 789 3157 eleganti
815 3056 1067 3155 significatione
1090 3081 1231 3146 eorum,
1255 3081 1404 3155 quorum
1429 3057 1540 3155 ipsam
1564 3058 1655 3145 vim,
1680 3060 1776 3157 qued

257 3173 303 3248 ad
333 3172 501 3249 sermonis
531 3174 750 3251 selectionem
783 3174 930 3263 attinet,
958 3174 1027 3248 illis
1050 3173 1146 3249 haud
1166 3172 1270 3272 paulo
1296 3173 1421 3250 melius
1442 3173 1557 3249 doceri
1576 3174 1770 3277 potuistis}

257 3292 316 3369 Sic
335 3292 445 3393 igitur
469 3296 837 3397 συμφιλολογοῦμιν,
861 3293 985 3392 optimi
1008 3293 1171 3381 iuvenes,
1196 3293 1322 3367 hilares
1349 3293 1454 3367 simul
1477 3299 1513 3366 et
1536 3294 1686 3383 assidui,
1709 3320 1770 3370 ne·
1833 3392 1837 3399 .
1873 3303 1877 3308 ’

257 3436 327 3511 que
348 3412 475 3486 nostris
497 3413 592 3487 enim
614 3415 730 3489 Musis
752 3412 882 3511 gaudia
901 3435 972 3485 non
991 3410 1191 3509 irmgentur.
1240 3411 1322 3484 Non
1336 3410 1432 3486 enim
1446 3435 1517 3509 quo
1531 3412 1609 3511 quis
1622 3412 1769 3503 tristior,

257 3554 299 3605 eo
331 3524 463 3603 doctior
492 3505 546 3603 eit
571 3528 770 3616 habendus,
803 3534 839 3601 et
864 3524 1058 3625 stupendus
1083 3525 1184 3625 quasi
1203 3529 1381 3618 eruditus,
1415 3529 1446 3604 si
1471 3531 1550 3629 quis
1575 3533 1771 3609 morosioris

258 3656 313 3725 est
334 3646 486 3747 ingenii,
517 3646 579 3723 sed
597 3646 815 3747 aequabilem
837 3669 1013 3721 servemus
1033 3652 1208 3735 mentem,
1233 3672 1323 3745 quae
1352 3656 1466 3747 sperat
1483 3649 1635 3725 adversis
1646 3650 1771 3741 rebus,

257 3768 384 3846 metuit
405 3766 570 3843 secundis
593 3767 737 3843 alteram
760 3774 907 3854 sortem,
941 3765 1004 3841 sed
1027 3772 1186 3840 neutram
1209 3766 1410 3844 reformidat
1435 3776 1497 3845 aut
1520 3768 1624 3845 nimis
1653 3769 1697 3845 de
1721 3771 1770 3845 al·

258 3894 391 3963 terutrs
419 3885 631 3962 sollicitatur.
680 3886 745 3961 Est
768 3886 864 3961 enim
887 3887 952 3961 hcc
976 3885 1082 3961 etiam
1099 3884 1142 3988 ‚in
1162 3885 1228 3976 iis,
1257 3895 1352 3987 quae
1378 3914 1422 3964 ex
1441 3888 1634 3966 litterarum
1654 3890 1771 3965 studio

256 4008 447 4095 lucramur,
471 4032 518 4081 ne
539 4005 668 4082 scilicet
689 4006 885 4082 irretiamur
908 4004 1181 4104 phantasmatis,
1210 4014 1273 4083 aut
1295 4007 1391 4107 vulgi
1411 4008 1614 4083 commentis
1636 4033 1770 4085 movea-

257 4150 356 4215 mur,
388 4126 451 4201 sed
481 4150 536 4201 res
564 4126 735 4201 humanas
756 4126 975 4224 aliquatenus
1000 4124 1266 4224 perspicientes,
1296 4127 1406 4226 quieti
1429 4151 1493 4202 nec
1519 4127 1629 4203 territi
1652 4152 1769 4204 cerna-

257 4256 374 4346 mns,
392 4270 633 4345 quaecumque
657 4245 746 4321 circa
767 4270 831 4319 nos
854 4253 1021 4345 agantur,
1053 4244 1212 4344 quorum
1226 4247 1342 4345 turpia
1365 4246 1468 4322 nimis
1495 4246 1607 4321 multa
1630 4254 1771 4323 suntet

258 4365 487 4455 exsecranda,
516 4390 666 4464 quorum
691 4366 847 4465 plurima
873 4366 969 4441 haud
993 4366 1077 4441 satis
1100 4365 1295 4456 laudanda,
1330 4366 1360 4440 si
1381 4389 1452 4440 son
1473 4388 1597 4439 vanam
1621 4365 1770 4465 speeiem

255 4485 457 4560 intueamur
488 4486 551 4561 sed
582 4510 657 4560 rem
691 4485 824 4583 ipsam,
859 4509 1007 4585 quorum
1035 4491 1154 4563 tamen
1186 4484 1279 4560 bone
1299 4508 1379 4585 pars
1402 4492 1558 4584 superest
1577 4484 1767 4576 eiusmodi,

259 4612 300 4678 ut
331 4603 442 4679 multa
473 4602 556 4678 inde
590 4604 785 4693 discamus,
819 4611 861 4679 ut
891 4603 1076 4679 utilissima
1099 4603 1168 4679 dici
1193 4603 1303 4703 possit
1324 4604 1394 4679 vita
1418 4610 1553 4693 nostra,
1578 4603 1771 4681 dummodo

258 4722 313 4798 vel
343 4746 456 4799 unum
488 4723 611 4800 horum
643 4749 687 4806 er
720 4725 837 4825 aliqua
866 4729 964 4825 parto
988 4723 1270 4823 promoverimus.
1320 4722 1399 4799 Hoc
1423 4729 1542 4801 antem
1565 4730 1601 4800 et
1625 4748 1685 4799 vos
1707 4748 1769 4824 po·

256 4841 377 4932 testis,
412 4842 443 4917 si
474 4843 563 4925 hanc
596 4843 769 4941 scholam,
804 4853 844 4921 ut
879 4843 1012 4935 facitis,
1046 4868 1148 4944 porro
1177 4842 1285 4919 etiam
1313 4838 1566 4932 condecoratis3
1599 4840 1648 4918 sic
1674 4842 1768 4919 enim

1449 4961 1525 5037 39*
1810 4956 1817 4969 '
