4892 6184
687 652 751 721 rso
1263 647 1300 718 ιι.
1335 623 1632 715 susurra

687 860 781 937 dulci
803 883 874 936 non
898 858 1010 934 solum
1029 855 1200 955 Haganae
1225 855 1405 960 §aciculis
1425 854 1618 943 consortio,
1643 850 1706 927 sed
1721 855 1775 926 tot
1796 849 1873 928 eliis
1896 849 2097 932 nominibus
2119 855 2206 934 mihi

686 982 770 1057 estis
796 976 1088 1056 coniunctissimil
1121 975 1205 1074 qui,
1240 975 1335 1074 quali
1355 999 1437 1076 erga
1460 999 1516 1049 me
1540 973 1615 1048 sitis
1636 971 1773 1059 animo,
1808 971 1873 1048 hoc
1894 971 1971 1072 ipso
1994 972 2069 1065 dia,
2096 984 2207 1054 vestra

686 1100 774 1202 mihi
796 1098 993 1198 gratissima
1014 1077 1244 1195 praesentia,
1263 1095 1319 1170 hic
1344 1095 1458 1194 palum
1481 1091 1658 1168 testificari
1679 1090 1847 1166 voluistis.
1892 1094 1985 1184 Quot
2006 1103 2207 1195 quantaque

685 1217 970 1318 Praeceptoribus
995 1215 1225 1290 iamdudum
1251 1215 1444 1304 defunctis,
1477 1215 1689 1302 Voousrro,
1722 1211 1942 1302 (incursuro,
1974 1215 2124 1292 Psuuro
2147 1217 2206 1293 de·

686 1341 807 1428 beam,
837 1346 936 1438 grato
970 1359 1052 1436 erga
1080 1337 1199 1410 Deum
1230 1335 1346 1412 animo
1376 1337 1491 1412 adhuc
1512 1332 1672 1410 recordor
1678 1365 1689 1422 ;
1715 1339 1820 1431 atque
1844 1331 2098 1410 obmutesceret
2120 1335 2207 1412 haec

631 1458 635 1467 ’
686 1483 766 1536 mea
798 1457 920 1559 lingua
955 1457 1096 1531 mallem
1129 1480 1236 1554 quam
1266 1464 1413 1544 taceret,
1444 1454 1532 1554 quid
1562 1452 1730 1540 debeam,
1761 1452 2047 1552 Praeceptoribus
2079 1455 2206 1532 Aestu-

686 1579 909 1668 matissimis,
934 1576 1135 1654 Clarissimo
1155 1577 1311 1666 Krsnro,
1337 1601 1459 1676 quem,
1485 1574 1638 1650 extincto
1652 1573 1888 1648 Rorssnnsrr
1905 1573 2058 1664 lumine,
2082 1575 2120 1650 in
2133 1599 2206 1652 ma·

685 1723 797 1798 gnum
814 1698 983 1773 Historici
1000 1695 1109 1771 studii
1125 1697 1399 1788 incrementum,
1419 1697 1481 1770 diu
1504 1693 1726 1795 superstitem
1746 1691 1818 1767 lore
1843 1716 1913 1768 non
1936 1699 2077 1768 tantum
2097 1695 2207 1771 Iside

687 1827 867 1920 precatur,
892 1819 1009 1893 sedet
1036 1817 1121 1892 haec
1145 1816 1334 1891 Academia
1352 1814 1562 1902 Traiectins,
1587 1835 1678 1912 quae
1702 1819 1738 1886 et
1757 1813 1858 1886 illum
1883 1820 1919 1888 et
1942 1814 2206 1894 Scuonnnruusr

686 1941 846 2015 alumnos
872 1937 1036 2014 habuisse
1058 1937 1244 2037 gloriatum
1270 1944 1306 2011 et
1334 1935 1400 2010 tibi
1430 1959 1536 2034 quam
1561 1934 1732 2021 maxime,
1754 1932 1986 2008 Oeleberrime
2011 1934 2202 2012 Hsnonnrl

686 2060 748 2156 qui
781 2067 818 2132 te
837 2058 944 2146 mihi,
975 2057 1093 2130 iuveni
1114 2064 1151 2129 et
1174 2057 1267 2144 viro,
1290 2056 1328 2129 in
1351 2053 1523 2153 prosperis
1546 2059 1652 2150 atque
1673 2051 1825 2130 adremis
1848 2053 2001 2129 amicum
2026 2055 2204 2154 integerri-

684 2201 805 2266 mum,
838 2177 946 2276 putris
975 2177 1085 2249 instar
1110 2175 1316 2262 colendum,
1349 2181 1384 2248 et
1411 2182 1485 2249 tam
1509 2172 1621 2247 fidum
1655 2171 1849 2248 studiorum
1877 2174 2003 2250 ducem
2029 2175 2202 2275 probasti,

687 2307 729 2370 ut
752 2295 925 2395 quidquid
947 2295 1082 2369 iuvenis
1104 2294 1326 2394 profecerim,
1350 2292 1388 2367 id
1415 2293 1528 2390 magis
1555 2298 1657 2366 tuum
1684 2301 1791 2390 quam
1813 2317 1932 2368 meum
1953 2317 2029 2368 essa
2050 2294 2203 2370 arbitrer.

684 2417 814 2491 Favere
832 2415 918 2489 mihi
936 2415 1087 2514 pergite,
1109 2401 1247 2513 Optimi
1267 2412 1341 2488 viri.
1376 2413 1571 2511 Equidem,
1596 2419 1768 2510 quantum
1785 2421 1921 2512 potero,
1946 2414 2205 2503 eointendsm,

684 2543 725 2610 ιιι
758 2545 880 2610 meet
911 2533 1161 2632 inposterum
1192 2533 1291 2608 vobis
1323 2533 1585 2620 commendem,
1618 2537 1724 2630 atque
1757 2532 1851 2606 idem
1882 2533 1991 2623 illud,
2023 2536 2120 2634 quod
2142 2559 2206 2610 nos

682 2654 800 2753 iungit
820 2653 992 2727 amicitiae
1012 2652 1210 2741 vinculum,
1230 2653 1354 2752 iungat
1372 2661 1407 2726 et
1422 2659 1607 2751 utramque
1622 2651 1832 2728 academiam
1845 2652 2021 2751 Lugdnno
2034 2655 2207 2730 Batavum

681 2781 718 2848 et
741 2771 1124 2847 Rheno-‘'Pmiectinam.

732 2892 890 2967 Tandem
909 2891 956 2966 ad
975 2905 1036 2965 vos
1056 2891 1141 2966 haec
1162 2915 1241 2967 mea
1256 2891 1365 2966 oratio
1387 2917 1423 2966 se
1445 2891 1634 2996 conuertit,
1659 2893 1808 2967 Iuvenes
1829 2891 2069 2981 Omatissimi,
2100 2891 2205 2968 Prae·

684 2996 909 3089 stantissimil
943 3037 1032 3111 quos
1061 3011 1158 3086 brevi
1183 3011 1358 3087 auditores
1387 3019 1423 3086 et
1445 3011 1697 3087 commilitones
1719 3019 1883 3086 nacturus
1905 3035 1995 3090 sum.
2029 3052 2079 3068 ·-
2105 3012 2204 3090 Quo·

683 3134 891 3233 tiesounquc
919 3131 1184 3208 lectissimorum
1212 3131 1380 3208 iuvenum
1404 3155 1585 3220 coronam,
1618 3133 1656 3206 in
1682 3132 1758 3230 ipso
1783 3131 1906 3207 aetatis
1925 3131 2028 3220 flore,
2053 3130 2204 3229 corporis

681 3255 818 3353 vigore,
852 3253 980 3328 mentis
1017 3252 1183 3342 sanitate,
1216 3253 1348 3352 ingenii
1380 3251 1522 3328 dotibus
1556 3251 1777 3350 conspicuam
1803 3253 1959 3341 intueor,
1993 3250 2203 3349 nescioquo

683 3373 883 3448 dulcissimo
917 3371 1067 3447 laetitiae
1102 3396 1207 3447 sensu
1239 3373 1377 3448 animm
1400 3372 1547 3447 afficitm
1571 3378 1606 3446 et
1630 3371 1859 3471 perfunditur.
1910 3371 2018 3446 Redit
2041 3370 2142 3444 toties
2165 3378 2203 3444 ct

683 3493 772 3568 mihi
800 3493 894 3568 illius
922 3492 1165 3569 iucundissimi
1197 3493 1364 3592 temporis
1393 3491 1602 3582 recordatio,
1642 3491 1849 3591 quodcum
1880 3491 2000 3566 amicis
2035 3489 2072 3564 in
2111 3491 2200 3566 Aea·

684 3611 798 3687 demis
832 3609 934 3710 degi,
969 3637 1041 3711 quo
1075 3613 1235 3688 iuvenilis
1272 3613 1430 3701 animus,
1477 3613 1601 3711 spretis
1638 3611 1824 3710 voluptatis
1857 3609 2047 3698 illecebris,
2083 3610 2202 3709 pulcro

684 3732 826 3829 quaevis
847 3739 884 3804 et
906 3731 1068 3805 sublimia
1093 3733 1246 3831 appetit,
1271 3758 1341 3831 quo
1361 3733 1571 3808 Litterarum
1589 3741 1624 3807 et
1637 3734 1786 3808 Poiseos
1807 3755 1903 3806 amor
1925 3729 2094 3830 primulos
2119 3753 2202 3805 snos

682 3849 812 3923 emittit
842 3850 953 3924 flores.
1004 3852 1100 3940 Quae
1133 3853 1326 3928 recordanti
1350 3853 1437 3928 mihi
1458 3853 1534 3952 ipsa
1554 3853 1718 3928 iuventus
1741 3875 1823 3926 cum
1844 3851 1986 3928 iuvenili
2009 3849 2126 3950 vigore
2146 3874 2199 3926 re·

682 3969 757 4044 dire
780 3969 928 4058 videtur,
956 3970 1055 4068 quasi
1080 3969 1117 4043 in
1144 3977 1298 4047 vestmm
1322 3972 1519 4047 sodalitium
1544 3973 1672 4046 iterum
1694 3971 1866 4060 adscitus,
1900 3977 2091 4046 vestrorum
2126 3977 2199 4045 stu·

680 4089 818 4164 diorum
846 4111 985 4164 consors
1013 4097 1050 4164 et
1079 4090 1191 4165 socius
1212 4113 1359 4168 vocarer.
1409 4093 1456 4166 Et
1479 4091 1604 4190 quidni
1627 4097 1818 4166 vestrorum
1843 4091 2038 4166 studiorum
2059 4113 2199 4166 consors

681 4219 717 4283 at
745 4208 858 4284 socius
889 4209 1039 4299 dicerer,
1069 4211 1151 4309 qui,
1184 4234 1255 4309 quo
1283 4212 1392 4286 serius
1417 4211 1576 4286 adhunc
1602 4211 1801 4286 cathedram
1824 4211 1971 4300 accessi,
2004 4233 2045 4284 eo
2071 4209 2199 4284 melius

680 4328 837 4429 intelligo
869 4337 905 4404 et
943 4329 1135 4429 persentio,
1170 4330 1303 4419 multa,
1339 4355 1398 4406 vos
1432 4332 1606 4420 docendo,
1637 4330 1725 4406 milri
1753 4355 1828 4406 csse
1853 4329 2034 4417 discenda,
2068 4337 2109 4403 ut
2133 4328 2198 4406 hoc

578 4502 582 4508 ι
679 4474 759 4524 meo
787 4449 1005 4525 munemita
1030 4452 1175 4549 iungar,
1199 4457 1240 4524 ut
1264 4458 1393 4539 vestra,
1418 4451 1591 4527 Ecclesiae
1619 4458 1655 4526 et
1675 4449 1811 4524 Patriae
1833 4450 1946 4540 salus,
1971 4449 2196 4548 'I'heologicuc

680 4570 880 4670 disciplinae
905 4570 1057 4669 dignitus
1081 4579 1117 4645 et
1139 4571 1244 4674 huius
1267 4577 1403 4646 nostrae
1421 4571 1630 4647 Academiae
1652 4570 1762 4645 honos
1787 4577 1823 4644 et
1844 4569 1937 4646 fama
1959 4595 1981 4644 a
2002 4593 2059 4643 me
2076 4574 2196 4666 postu·

679 4687 764 4762 lant.
814 4689 934 4765 Huius
962 4698 1099 4765 nostrae
1132 4691 1341 4766 Academiae
1370 4691 1535 4790 inqnum;
1567 4716 1648 4766 nam
1681 4697 1888 4790 postquam,
1915 4689 2033 4764 relicta
2059 4687 2197 4762 civitate

679 4806 810 4905 patria,
835 4808 948 4909 ruptis
969 4815 1021 4883 tot
1044 4810 1216 4887 amicitiae
1243 4817 1278 4885 et
1300 4811 1568 4912 propinquitatis
1591 4809 1757 4900 vinculo,
1784 4809 1941 4909 deposito
1964 4805 2196 4886 sacratissimo
