4892 6184
857 692 1134 760 ORATIO.
1714 697 1756 761 45

237 899 346 999 possit
369 899 557 989 anteveni,
591 899 662 974 iam
685 898 747 973 diu
770 901 908 977 inventa
930 910 966 976 et
989 902 1026 976 in
1051 900 1177 1000 vulgus
1200 903 1284 974 nota
1305 907 1412 974 erant.
1465 900 1593 975 Sistere
1615 905 1755 1001 sangui·

238 1029 318 1095 nem
345 1021 541 1096 didicerunt
565 1021 618 1095 vel
639 1020 706 1095 late
731 1045 770 1095 ao
795 1022 913 1121 rapide
937 1023 1187 1121 profluentem,
1220 1019 1283 1093 sed
1304 1018 1432 1096 frustra
1457 1020 1666 1096 medicinam
1693 1045 1754 1096 an-

238 1139 472 1239 quisiverant,
491 1164 561 1239 qua
583 1138 735 1214 dolorem
761 1139 998 1238 propellerent.
1049 1141 1138 1214 Ecce
1159 1138 1353 1214 remedium
1372 1149 1569 1241 repertum,
1594 1166 1671 1216 ecce
1696 1167 1755 1216 va·

235 1258 329 1356 poris
362 1258 512 1339 aetherei
544 1258 754 1334 inhalatione
778 1259 891 1333 omnis
916 1283 1040 1334 sensus
1062 1259 1198 1334 ablatus
1224 1266 1364 1333 etcum
1390 1285 1495 1336 sensu
1517 1261 1623 1337 dolor.
1672 1262 1754 1336 Ore·

235 1367 362 1452 ditisne
385 1378 592 1475 plaudentes
615 1379 699 1477 quin
727 1379 940 1454 exsultantes
962 1380 1151 1479 pretiosum
1175 1378 1460 1478 salutiferumque
1483 1381 1676 1456 remedium
1697 1406 1755 1456 er·

236 1503 376 1594 ceptum
395 1496 502 1572 fuisse
520 1523 540 1574 e
558 1498 769 1574 doctioribus
786 1499 965 1586 omnibus,
991 1499 1134 1573 medicis
1153 1497 1482 1602 omnihusaequeac
1498 1501 1754 1590 laborantibus,

236 1621 271 1688 et
306 1616 475 1690 Lucinam
513 1641 652 1715 quoque
687 1617 780 1692 dulci
814 1618 940 1714 philtro
972 1642 1055 1692 suae
1087 1641 1188 1692 curae
1219 1618 1401 1694 mandatas
1428 1621 1567 1720 palpare
1596 1629 1754 1699 conatam

236 1758 312 1808 esse
344 1758 534 1833 earumque
567 1735 726 1833 mitigare
757 1735 914 1810 dolores?
964 1739 1081 1814 Quam
1116 1737 1260 1812 mirifica
1289 1739 1369 1812 novi
1404 1740 1509 1815 huius
1539 1743 1684 1816 remedii
1709 1742 1755 1816 sit

236 1855 306 1942 vie,
342 1855 411 1928 nisi
439 1855 500 1953 qui
520 1853 595 1952 ipse
622 1855 761 1942 viderit,
795 1855 851 1928 vix
879 1854 995 1930 credet
1002 1889 1012 1943 ς
1037 1863 1073 1948 at
1095 1855 1156 1955 qui
1179 1857 1375 1956 adspexerit
1398 1861 1549 1934 narcosis
1578 1861 1756 1935 aethereae

187 2049 189 2054 ,
234 1973 304 2048 vim
335 1975 388 2048 vel
424 1974 498 2074 ipse
530 1974 595 2049 erit
625 1981 804 2072 expertus,
843 1999 924 2049 eum
956 1973 1071 2050 mirari
1093 2000 1162 2050 non
1185 1976 1318 2052 subibit
1340 1979 1435 2076 quod
1457 1979 1647 2068 inventori,
1684 1979 1756 2052 viro

233 2092 528 2191 praestantissimo
562 2091 750 2180 Jnorrsou,
784 2094 874 2191 grati
907 2093 1014 2167 animi
1044 2095 1358 2197 testificandi'ergo
1389 2097 1481 2172 cives
1507 2099 1582 2173 vivo
1604 2106 1756 2174 statuam

233 2212 433 2310 posuerint,
470 2211 555 2309 quin
580 2211 687 2285 immo
714 2210 867 2303 debitam
891 2212 1117 2311 meritamque
1139 2237 1213 2287 esse
1237 2215 1377 2290 laudem
1398 2224 1434 2289 et
1460 2217 1604 2315 gloriam
1635 2224 1756 2316 gratus

235 2332 367 2429 etipse
392 2339 567 2429 agnoscet.

283 2451 360 2526 Nec
381 2458 500 2526 tamen
522 2451 659 2540 deerat,
683 2476 752 2549 quo
776 2450 939 2550 praeclari
960 2450 1092 2525 inventi
1107 2453 1268 2551 splendor
1290 2453 1524 2530 offuscaretur.
1558 2455 1668 2530 Haud
1693 2456 1756 2530 diu

236 2577 307 2647 erat
326 2597 369 2646 ex
388 2595 457 2668 quo
478 2570 699 2644 inhalationis
718 2573 897 2645 aethereae
920 2569 969 2644 vis
993 2596 1013 2643 a
1037 2571 1207 2670 chirurgia
1225 2581 1406 2670 perspecta
1425 2582 1461 2647 et
1480 2583 1645 2673 usurpata
1664 2583 1755 2664 erat,

234 2716 345 2792 quum
379 2715 499 2765 omnes
532 2691 615 2764 artis
649 2697 785 2764 nostrae
818 2691 950 2764 alumni
987 2690 1136 2789 graviter
1166 2691 1400 2789 affligerentur
1432 2693 1570 2768 casibus
1602 2693 1755 2792 aliquot,

234 2810 362 2910 quihus
387 2810 598 2886 inhalatione
621 2836 691 2885 non
717 2810 828 2885 solum
853 2810 966 2884 omnis
993 2835 1137 2899 sensus,
1162 2810 1224 2885 sed
1249 2836 1330 2886 cum
1353 2837 1458 2887 sensu
1480 2812 1550 2888 vita
1571 2813 1646 2912 ipsa
1665 2821 1756 2889 esset

234 2930 359 3006 ablata.
388 2931 526 3006 Etiam
548 2931 584 3004 in
608 2956 649 3004 eo
672 2938 786 3020 erant,
812 2938 853 3006 ut
876 2955 1016 3030 prorsus
1039 2931 1317 3030 derelinquerent
1336 2933 1674 3032 etabiicerentquod
1686 2934 1755 3009 lae·

233 3050 380 3126 tabundi
415 3051 519 3126 modo
549 3059 773 3152 exceperant,
807 3075 918 3150 quum
948 3053 1085 3127 aethere
1115 3051 1368 3151 chloroformyli
1399 3053 1436 3129 in
1461 3054 1616 3129 sulfurioi
1639 3057 1754 3130 locum

234 3171 424 3246 substituto
449 3173 503 3248 res
525 3173 641 3248 denuo
664 3172 864 3271 pertractari
885 3179 920 3246 et
945 3172 1103 3272 indagari
1128 3179 1181 3246 est
1205 3179 1335 3271 coepta.
1386 3173 1447 3248 Illa
1471 3199 1610 3273 quoque
1636 3200 1755 3251 narco-

234 3291 281 3366 sis
315 3293 427 3392 specie
447 3293 639 3368 'fatendum
667 3300 809 3368 estnon
836 3317 937 3367 omne
961 3293 1152 3392 periculum
1183 3291 1290 3366 fuisse
1315 3293 1576 3392 propulsatum,
1611 3295 1672 3369 sed
1700 3321 1753 3370 re·

233 3409 323 3486 fecto
356 3412 561 3511 placidoque
593 3413 709 3487 animo
746 3414 783 3488 in
807 3413 957 3488 narcosis
977 3413 1129 3488 indolem
1157 3412 1331 3511 inquirere
1356 3420 1462 3512 atque
1489 3415 1538 3488 ita
1562 3414 1600 3488 id
1623 3416 1754 3491 efficere

233 3530 475 3621 instituerunt,
502 3540 543 3606 ut
568 3559 608 3608 ea
630 3533 762 3630 absque
789 3534 1059 3633 omniperioulo
1088 3533 1140 3613 uti
1167 3540 1317 3629 possent.
1357 3532 1429 3604 Sed
1456 3533 1590 3607 utinam
1612 3559 1653 3607 eo
1675 3559 1752 3633 per·

233 3651 347 3726 venire
371 3653 583 3751 potuissent!
634 3652 732 3726 Haeo
758 3655 853 3727 enim
878 3654 1035 3727 omnium
1063 3652 1106 3724 de
1132 3652 1195 3724 hac
1216 3674 1255 3723 re
1279 3649 1519 3725 institutarum
1540 3650 1752 3750 disquisitio-

233 3794 320 3845 num
346 3781 401 3846 est
430 3797 587 3861 summa,
621 3797 663 3846 eo
686 3771 877 3846 coniunctis
900 3771 1186 3870 peritissimorum
1218 3768 1636 3870 prudentissimorumque
1663 3772 1752 3848 viro·

233 3915 313 3966 rum
341 3891 433 3964 curis
466 3901 502 3966 et
532 3892 657 3966 studiis
691 3915 747 3966 res
776 3897 830 3964 est
854 3891 1040 3990 perducta:
1074 3889 1321 3964 inhalationem
1347 3890 1494 3964 aetheris
1518 3889 1674 3966 sulfurici
1698 3893 1752 3968 vel

233 4008 485 4108 chloroformyli
520 4035 611 4084 more
640 4017 755 4108 potest
785 4011 904 4110 sequi,
940 4035 1053 4109 nequo
1086 4011 1124 4084 in
1154 4018 1296 4109 promtu
1318 4017 1401 4084 sunt
1424 4018 1516 4085 certa
1537 4010 1750 4113 probataque

233 4129 407 4218 remedia,
433 4129 562 4227 quibus
585 4129 693 4204 tristis
718 4130 774 4206 hic
798 4139 833 4205 et
856 4129 1015 4206 funestus
1039 4137 1183 4205 eventus
1207 4130 1375 4204 anteverti
1397 4131 1517 4229 possit.

282 4250 409 4325 Nonne
433 4250 542 4349 igitur
566 4249 743 4348 antiquius
766 4250 872 4341 foret,
898 4250 1023 4326 dixerit
1035 4251 1178 4351 aliquis,
1198 4249 1374 4324 discedere
1386 4249 1430 4324 de
1441 4248 1630 4348 periculoso
1644 4249 1750 4326 hocce

235 4369 392 4458 tramite,
426 4370 598 4444 abstinere
632 4371 807 4461 remedio,
842 4372 937 4470 quod
970 4396 1106 4447 summe
1138 4371 1218 4446 licet
1237 4369 1393 4444 adhibita
1413 4393 1495 4443 cura
1527 4376 1564 4441 et
1587 4367 1748 4444 cautione

234 4487 432 4564 ludificatur
464 4489 639 4566 medicum
673 4499 778 4591 atque
802 4501 948 4568 mortem
977 4491 1088 4567 adfert
1111 4515 1173 4590 pro
1199 4490 1310 4564 salute
1332 4489 1489 4588 sperata?
1535 4488 1587 4563 At
1608 4513 1665 4562 me
1691 4514 1746 4564 as·

236 4607 442 4684 sentientem
464 4632 534 4684 non
554 4609 697 4686 haberet
718 4613 780 4711 qui
806 4613 887 4688 talia
910 4611 1085 4712 proterret.
1122 4609 1245 4686 Mirari
1264 4607 1358 4685 euim
1381 4606 1496 4696 subit,
1520 4609 1582 4706 qui
1595 4608 1670 4682 fieri
1683 4634 1747 4709 po·

236 4725 360 4816 tuerit,
387 4735 428 4802 ut
452 4727 650 4827 repentinae
673 4730 816 4820 mortis,
836 4755 926 4830 quae
941 4729 1187 4806 inhalationem
1201 4727 1395 4803 aetheream
1415 4727 1462 4802 sit
1479 4736 1614 4817 secum,
1628 4753 1744 4806 erem·

235 4845 293 4948 pla
314 4845 353 4924 in
375 4845 450 4924 dies
471 4847 558 4925 fiant
575 4849 712 4927 rariora.
752 4849 860 4929 Quod
881 4871 951 4924 uon
973 4849 1024 4926 ita
1048 4846 1290 4948 explicandum
1318 4852 1392 4938 est,
1414 4871 1455 4923 ac
1482 4847 1512 4923 si
1536 4847 1653 4923 minus
1676 4848 1744 4928 fre·
