4892 6184
709 688 753 758 18
1242 686 1276 749 F.
1316 684 1356 750 G.
1398 681 1691 748 KRIEGER

709 893 797 970 adeo
820 893 1015 993 placuerat,
1041 900 1082 968 ut
1108 915 1182 967 rem
1203 892 1294 968 bene
1315 897 1447 992 gmtam
1473 891 1505 965 ei
1525 888 1732 990 gratulaturi
1751 893 1960 988 gratumque
1979 887 2137 964 animum
2156 898 2225 967 tca-

708 1010 889 1099 titioaturi,
915 1034 1030 1086 annuo
1053 1009 1196 1097 salano,
1221 1010 1471 1110 professoribus
1490 1009 1605 1086 offerri
1629 1007 1749 1098 solito,
1773 1007 1991 1107 aliquantum
2015 1009 2194 1087 adderent.

757 1133 862 1208 Anno
904 1133 997 1206 1811
1039 1130 1333 1205 Srueassunrrrus
1373 1130 1603 1205 recentiorum
1638 1127 1830 1204 litterarum
1864 1126 2027 1202 historiae
2056 1127 2228 1226 professor

709 1251 907 1326 nominatus
934 1256 1038 1348 atque
1061 1248 1183 1323 eodem
1206 1248 1279 1322 fere
1302 1257 1456 1349 tempore
1480 1273 1552 1324 une
1573 1272 1656 1324 eum
1675 1247 1979 1322 Wrrrnusacnro
2003 1247 2145 1326 Artium
2166 1251 2226 1326 Li·

709 1370 881 1446 beralium
905 1369 1076 1470 Magister
1099 1359 1395 1469 etPhilosopbiae
1421 1370 1552 1444 Doctor
1575 1367 1715 1444 honoria
1738 1392 1843 1443 causa
1863 1376 2000 1442 oreatus
2022 1378 2087 1444 est.

757 1490 946 1566 Academia
977 1490 1168 1564 instaurata
1201 1489 1315 1566 eidem
1353 1490 1527 1565 docendae
1563 1487 1725 1564 historiae
1757 1486 1889 1588 patriae
1918 1511 2049 1564 munus
2080 1499 2134 1565 est
2167 1492 2226 1566 de-

706 1611 922 1685 mandatum.
1634 1620 1639 1628 '

757 1734 861 1805 Anno
897 1732 1015 1817 1825,
1048 1754 1158 1828 quum
1191 1729 1451 1804 ducentesimus
1482 1727 1792 1828 quinquagesimus
1828 1732 1988 1824 ageretur
2030 1751 2143 1803 annus
2183 1755 2227 1804 er

641 1889 645 1898 ·
709 1877 778 1950 quo
810 1852 895 1926 haee
930 1851 1110 1926 Leidensis
1141 1850 1331 1925 Academia
1362 1857 1453 1924 esset
1481 1848 1642 1936 condita,
1677 1846 1989 1933 Srueursnamrrus,
2013 1849 2227 1924 certantibus

708 1972 892 2060 omuibus,
927 1979 967 2046 ut
997 1972 1089 2046 diem
1124 1995 1232 2069 quem
1261 1969 1411 2044 maxime
1433 1968 1617 2043 redderent
1639 1966 1769 2042 testum
1791 1973 1828 2039 et
1853 1965 2062 2055 solemnem,
2088 1969 2226 2066 symbo-

708 2093 783 2167 lum
803 2116 873 2166 non
896 2089 1118 2178 detrectavit,
1143 2091 1205 2164 sed
1227 2088 1494 2188 adaugendum
1514 2087 1584 2162 diei
1610 2087 1828 2186 splendore'm
1850 2085 2016 2174 contulit,
2036 2089 2227 2187 composito

710 2200 861 2287 earmina
880 2211 983 2309 lyrico
1004 2212 1121 2285 latino.
1147 2212 1267 2308 Atque
1286 2210 1351 2284 hoo
1369 2210 1492 2283 eodem
1513 2207 1580 2281 fuit
1602 2205 1677 2296 dic,
1702 2231 1773 2304 quo
1789 2205 1943 2300 primum
1960 2205 2025 2279 viri
2047 2207 2227 2282 ebrissimi

706 2337 860 2402 mentem
894 2329 1002 2402 subiit
1035 2327 1199 2426 cogitatio
1225 2328 1269 2402 de
1292 2327 1474 2402 scribenda
1496 2325 1704 2400 Academiae
1727 2326 1908 2401 [seidonais
1932 2325 2086 2423 historia.
2134 2329 2227 2404 Rem

706 2473 884 2549 operosam
903 2472 985 2522 sane
1007 2455 1042 2520 et
1070 2447 1172 2520 variis
1195 2447 1458 2522 difficultatibus
1478 2446 1682 2546 implicitam
1703 2446 1753 2521 ita
1772 2446 1867 2521 brevi
1889 2454 2043 2544 tempore
2062 2447 2227 2536 absolvit,
2291 2537 2302 2546 ἡ

706 2577 747 2642 ut
795 2573 993 2641 accuratum
1043 2565 1201 2640 studium
1248 2553 1492 2665 summamque
1529 2574 1565 2640 et
1600 2566 1796 2664 religiosam
1830 2566 2085 2667 perscrutandis
2120 2568 2228 2644 rebus

587 2793 589 2796 Ι
707 2686 991 2785 temporibusque
1024 2686 1180 2760 obscuris
1213 2686 1407 2785 impensam
1441 2709 1581 2785 operam
1612 2711 1733 2762 omnes
1770 2687 2015 2764 admirabnndi
2050 2687 2226 2787 praediea-

707 2807 828 2884 verint.
878 2807 999 2882 Nostis
1026 2831 1135 2906 opus,
1170 2807 1378 2882 Auditoresl
1412 2829 1526 2904 neque
1557 2806 1719 2905 cuiqnam
1748 2807 1857 2907 probe
1887 2809 2049 2907 ignotum
2071 2815 2146 2896 est,
2169 2810 2227 2882 eui

706 2927 915 3004 Academiae
939 2934 1076 3002 nostrae
1100 2926 1193 3002 salus
1217 2951 1321 3001 curae
1343 2933 1407 3001 est.

755 3050 859 3122 Anno
899 3049 993 3122 1842
1030 3047 1117 3121 rude
1157 3047 1307 3122 donatus
1335 3053 1408 3135 est,
1444 3071 1508 3120 uec
1538 3055 1654 3120 temen
1689 3049 1866 3124 studiosae
1892 3049 2086 3139 iuventuti,
2112 3051 2226 3148 quoad

706 3168 795 3242 vires
831 3169 1001 3256 sinerent,
1038 3166 1200 3267 prodesse
1232 3166 1345 3241 desiit.
1410 3169 1594 3245 Quantum
1623 3167 1661 3241 in
1692 3192 1734 3242 eo
1769 3177 1944 3269 superstes
1985 3178 2078 3246 esset
2119 3169 2226 3246 animi

705 3287 831 3377 robur,
857 3294 1069 3387 quantopere
1090 3287 1222 3386 ingenii
1244 3286 1425 3362 facultates
1447 3287 1618 3362 senectuti
1640 3311 1712 3362 non
1738 3299 1855 3365 esseut
1876 3290 2024 3378 tractae,
2051 3290 2225 3366 luculento

706 3409 859 3483 ostendit
898 3408 1073 3506 exemplo,
1111 3430 1242 3505 quum,
1283 3407 1521 3505 quinquennio
1554 3416 1651 3508 post,
1686 3435 1757 3508 quo
1782 3411 1839 3486 die
1863 3412 2120 3510 quinquaginta
2143 3420 2225 3487 ante

705 3531 805 3604 aunis
835 3529 1035 3628 professoris
1063 3553 1192 3604 munus
1223 3529 1346 3603 inierat
1369 3530 1558 3603 solemnem
1581 3529 1705 3604 habuit
1726 3531 1928 3606 Orationem
1950 3534 1993 3606 de
2011 3533 2225 3607 inmerentia

705 3675 791 3749 quae
815 3652 916 3724 oense
938 3651 1185 3749 quinquaginta
1205 3653 1362 3748 proaem
1385 3651 1513 3747 elapsa
1538 3652 1684 3724 studium
1708 3654 1798 3749 cepit
1822 3653 2028 3726 litterariam
2052 3651 2222 3727 Neerlan-

705 3770 824 3841 dicum.
875 3768 977 3844 Clare
1003 3778 1039 3841 et
1061 3769 1223 3843 distincta
1248 3795 1330 3844 voce
1350 3769 1507 3845 recitavit
1529 3794 1619 3869 quae
1639 3780 1797 3846 accurate
1816 3772 1968 3870 cogitata
1989 3778 2026 3845 et
2049 3770 2225 3870 eleganter

709 3893 806 3960 erant
839 3884 1026 3960 enucleata.
1077 3884 1307 3984 Progressus,
1338 3913 1426 3986 quos
1450 3890 1534 3966 inde
1562 3917 1606 3966 err
1628 3892 1813 3991 superioris
1836 3892 1965 3968 saeculi
1989 3894 2061 3969 fine
2083 3892 2222 3993 linguae

706 4015 744 4081 et
764 4006 955 4081 litterarum
984 4029 1055 4079 non
1076 4005 1194 4080 miuus
1217 4031 1324 4105 quam
1344 4008 1505 4084 historiae
1525 4018 1560 4084 et
1581 4011 1830 4110 antiquitatum
1850 4013 2041 4112 patriarum
2065 4013 2221 4089 studium

708 4127 861 4215 fecisset,
884 4125 1005 4201 eadem
1023 4126 1245 4202 adumbravit
1264 4128 1460 4228 eloquentia
1480 4137 1515 4202 et
1535 4131 1807 4231 enodateque
1822 4133 1905 4208 inde
1926 4133 1971 4209 ab
1993 4133 2223 4217 adolescentia

704 4247 920 4322 inclaruerat.
971 4247 1078 4321 Festo
1100 4247 1164 4321 boo
1191 4247 1248 4321 die
1274 4249 1430 4349 undique
1456 4250 1530 4324 seni
1551 4252 1736 4327 venerabili
1749 4253 1875 4328 amoris
1888 4253 2220 4353 existimationisque

706 4366 881 4440 luculenta
914 4364 1030 4440 oblata
1066 4372 1149 4439 sunt
1182 4365 1407 4454 documenta,
1441 4366 1478 4441 in
1508 4368 1637 4468 quibus
1668 4370 1779 4470 primo
1806 4371 1880 4447 looo
1912 4372 2144 4448 recensendus
2168 4385 2221 4448 est

705 4509 872 4560 nummus
909 4509 1051 4574 aureus,
1079 4511 1100 4561 a
1130 4487 1229 4586 Rege
1251 4487 1438 4564 Guilielmo
1460 4489 1611 4566 secundo
1643 4491 1714 4566 viro
1736 4492 1780 4566 de
1803 4492 1924 4592 patriis
1945 4492 2068 4568 litteris
2088 4493 2218 4591 optime

707 4603 831 4678 merito
865 4603 1096 4680 transmissus.
1146 4608 1400 4707 Angustissimi
1430 4610 1539 4709 Regis
1563 4610 1742 4686 Guilielmi
1768 4613 1872 4711 primi
1894 4614 2014 4704 iussu,
2043 4613 2106 4712 qui
2127 4621 2219 4689 artes

707 4721 907 4822 litterasque
941 4722 1107 4823 singulari
1137 4727 1253 4804 favore
1285 4730 1579 4830 prosequebatur,
1612 4731 1683 4807 iam
1715 4739 1817 4810 antea
1846 4733 1971 4810 moun
1997 4732 2220 4810 Neerlandioi

705 4840 881 4941 equitibus
904 4843 1017 4920 tuerat
1040 4846 1242 4948 adscriptus.
