4892 6184
750 683 792 747 98
1354 676 1392 740 ll.
1427 675 1462 740 Ε.
1495 673 1667 744 vluna

802 884 946 962 Utinam
968 885 1057 961 hanc
1079 882 1169 958 viam
1193 879 1408 979 ingrediare,
1434 907 1455 955 ο
1480 881 1655 956 carissima
1674 878 1761 953 mihi
1782 877 1894 976 patria
1912 877 2085 954 Ecclesia!
2122 877 2265 954 Utinam
2396 881 2397 886 ’

751 1029 891 1094 omnes,
918 1005 981 1104 qai
1007 1003 1061 1078 vel
1089 1002 1135 1078 ab
1155 999 1379 1090 orthodoxia,
1407 1001 1461 1074 vel
1483 1025 1505 1076 a
1527 999 1729 1076 liberalitate
1754 1021 1818 1076 sua
1842 1021 1972 1072 nomen
1993 997 2146 1086 habent,
2178 1025 2264 1097 quac

748 1148 829 1200 vera
861 1125 907 1198 sit
942 1123 1025 1198 fidei
1052 1120 1166 1209 notio,
1201 1119 1419 1219 intelligant,
1453 1119 1618 1194 memoria
1642 1125 1804 1207 teneant,
1838 1116 1876 1192 in
1898 1117 2024 1194 animia
2043 1118 2264 1218 imprimant,

747 1243 909 1318 viteam
940 1241 1111 1340 lactisque
1136 1239 1339 1316 ostendantl
1385 1239 1528 1314 Utinam
1554 1261 1695 1327 omnes,
1732 1235 1795 1336 qui
1822 1236 1989 1312 Cumano
2011 1263 2140 1312 nomen
2163 1239 2263 1316 dede·

745 1369 850 1451 nm,
872 1387 935 1462 1³0¹
951 1385 1091 1436 omnem
1106 1367 1277 1436 terrarum
1294 1358 1435 1448 orbem,
1458 1360 1494 1433 in
1515 1358 1554 1432 id
1572 1357 1774 1456 praesertim
1793 1354 2020 1445 incumbant,
2043 1366 2084 1432 ut
2102 1359 2148 1432 ad
2161 1385 2262 1458 quae.
2396 1343 2397 1390 ἒ

746 1483 913 1571 monem,
937 1505 1026 1581 quae
1045 1478 1204 1556 omnium
1222 1479 1426 1580 gravisdma
1445 1487 1518 1554 est:
1545 1481 1618 1553 cvl
1629 1507 1679 1574 με
1695 1476 1761 1554 δεῖ
1775 1490 1921 1570 ποιεῖν,
1940 1482 2010 1555 ἵνα
2025 1480 2262 1572 σωθῶιει),”
2396 1517 2397 1542 ᾖ

745 1604 811 1678 rite
842 1601 1051 1702 respondere
1080 1599 1208 1688 sciant,
1243 1598 1488 1699 religionisque
1508 1598 1725 1674 Christianae
1744 1595 1898 1672 indolem
1918 1597 2081 1674 moralem
2103 1598 2262 1674 continue
2396 1689 2397 1694 Ἰ

746 1723 814 1798 sibi
833 1731 915 1799 ante
933 1721 1192 1820 oculoaponant
1205 1721 1283 1813 ¹⁶²).
1319 1719 1411 1793 Tum
1433 1719 1512 1794 lites
1539 1743 1660 1794 omnes
1685 1727 1721 1793 et
1745 1715 1982 1792 contentiones
2002 1716 2039 1790 in
2058 1716 2133 1792 dies
2155 1719 2261 1817 magis
2396 1719 2397 1812 f

746 1850 976 1930 evanescent,
999 1839 1236 1939 pristinusque
1256 1840 1293 1912 in
1317 1836 1515 1914 Christiana
1535 1835 1689 1912 Ecclesia
1705 1859 1804 1910 arnor
1823 1834 2114 1935 iterumvigebit.
2147 1837 2261 1912 Altera

747 1965 894 2037 societas
913 1969 992 2036 tum
1013 1960 1155 2034 alteram
1177 1957 1334 2048 docebit,
1355 1965 1392 2032 et
1411 1958 1458 2032 ad
1474 1957 1544 2032 veri
1565 1955 1864 2055 investigationem
1883 1955 2091 2056 pietatisque
2108 1957 2259 2032 studium

746 2081 940 2182 instigabit.
983 2081 1134 2166 Omnes,
1160 2077 1338 2152 veritatem
1361 2084 1532 2153 sectantes
1550 2101 1631 2154 cum
1652 2075 1837 2164 charitate,
1868 2075 2106 2152 adolescemus
2114 2076 2161 2150 ab
2171 2079 2262 2152 omni

746 2208 865 2300 parte,
895 2200 1008 2275 iuneti
1035 2221 1116 2272 cum
1141 2222 1201 2285 eo,
1240 2197 1302 2295 qui
1330 2198 1504 2275 Ecclesiae
1532 2203 1640 2295 caput
1670 2195 1816 2289 est¹⁶³),
1866 2195 1989 2270 Finem
2023 2217 2258 2295 assequemur,

745 2345 851 2420 quem
870 2320 945 2419 ipsc
966 2317 1188 2405 monstrarit,
1215 2339 1327 2414 quum
1351 2341 1414 2415 pro
1436 2315 1538 2392 nobis
1561 2321 1721 2415 precatus
1743 2323 1815 2404 est,
1837 2323 1879 2389 ut
1898 2338 2019 2390 omnes
2036 2315 2073 2390 in
2093 2339 2155 2404 eo,
2175 2317 2259 2390 eius·

745 2465 812 2539 que
835 2440 939 2514 Palae
962 2423 1074 2512 unum
1096 2437 1297 2528 umnam).
1336 2435 1433 2525 Deo,
1456 2434 1519 2534 qui
1543 2434 1696 2510 veritatis
1717 2433 1882 2534 pacisque
1902 2441 2096 2510 auctorest
2116 2435 2258 2523 attona,

743 2557 979 2657 placebimus,
1011 2582 1052 2632 sc
1084 2553 1281 2653 probabiles
1314 2555 1403 2629 Eius
1425 2553 1554 2630 erimus
1579 2553 1784 2645 administri.
1830 2555 1995 2655 Regnum
2014 2555 2166 2654 denique
2190 2581 2260 2630 coe·

743 2678 831 2752 leste
853 2677 891 2750 in
915 2676 990 2750 dies
1013 2674 1126 2773 magia
1151 2672 1441 2772 amplificabitur,
1472 2674 1680 2773 plenamque
1710 2673 1851 2750 tandem
1885 2674 1929 2750 de
1952 2674 2102 2764 mundo,
2125 2685 2260 2773 peccato

744 2795 885 2885 dedito,
918 2793 1096 2869 victoriam
1127 2793 1328 2892 reportabit.
1381 2793 1489 2872 Quod
1512 2800 1552 2868 ut
1573 2795 1656 2884 fiat,
1684 2802 1719 2869 te
1739 2793 1843 2868 Pater
1864 2793 2043 2870 coelestim
2066 2794 2161 2868 enixe
2181 2819 2258 2892 pre·

744 2937 874 2990 camur.
926 2914 982 2988 'Pu
1000 2911 1258 2988 tumultuantes
1280 2911 1470 2990 affectuum
1488 2915 1617 2991 fluctus
1641 2914 1866 2990 moderarere.
1917 2916 1993 3004 Tu,
2016 2915 2259 2992 discordiarum

744 3033 856 3108 ventis
888 3057 928 3109 ac
958 3033 1116 3133 procellis
1144 3031 1366 3132 compositis,
1398 3057 1558 3108 serenum
1584 3033 1729 3110 reducas
1757 3034 1903 3111 coelum.
1954 3037 2010 3112 Tu
2038 3059 2155 3112 veram
2181 3036 2259 3112 fidei

746 3153 962 3228 Christianae
981 3150 1157 3228 notionem
1179 3152 1218 3226 in
1240 3152 1398 3228 omnium
1420 3153 1546 3228 animis
1565 3153 1764 3254 imprimas,
1788 3161 1895 3254 atque
1915 3156 2027 3255 ipsam
2046 3155 2136 3231 hsnc
2157 3157 2257 3232 fidem

614 3315 619 3323 ,
744 3271 782 3346 in
807 3273 850 3347 iis
871 3272 1001 3348 ardus
1028 3281 1065 3347 et
1089 3273 1180 3361 elsa,
1206 3279 1247 3346 ut
1269 3273 1336 3363 Te,
1360 3273 1558 3373 Filiumque
1581 3281 1683 3350 tuum
1706 3273 1838 3350 aiacem
1861 3259 1980 3352 omnes
2002 3275 2104 3352 corde
2126 3277 2257 3363 colant,

742 3417 783 3466 ac
818 3401 945 3468 mutuo
970 3391 1097 3468 amoris
1120 3391 1412 3481 marciarce,
1447 3394 1512 3469 toti
1535 3395 1571 3469 in
1598 3419 1639 3469 eo
1665 3395 1753 3484 sint,
1781 3401 1823 3468 ut
1844 3419 1993 3495 regnum
2014 3401 2139 3486 tuum,
2170 3395 2258 3494 quod

743 3513 896 3588 veriatis
919 3511 1133 3612 pietatisque
1154 3535 1304 3612 regnum
1329 3519 1399 3600 est,
1424 3512 1601 3589 stabiliant
1624 3523 1660 3589 et
1684 3513 1894 3614 amplificent
1905 3516 1982 3609 l⁶⁶).

792 3867 884 3940 Veni
917 3867 964 3941 ad
996 3868 1141 3942 alteram
1176 3867 1342 3944 orationis
1380 3892 1478 3944 meae
1508 3878 1661 3969 partem,
1694 3897 1765 3971 qua
1798 3874 2006 3952 Academiae
2031 3880 2171 3950 nostrae
2191 3875 2258 3951 lata

745 4009 902 4060 enarrare
925 4010 983 4060 me
1005 3992 1151 4085 oportet.

790 4104 1019 4180 Academiam
1044 4111 1162 4180 autem
1188 4104 1360 4197 ἀίοθηῒεε,
1392 4117 1514 4208 sponte
1537 4109 1696 4208 primum'
1715 4113 1909 4212 cogitamus
1937 4113 2073 4212 Regem
2100 4121 2257 4190 nostrum

742 4223 1053 4322 augustissimum,
1088 4225 1219 4300 artium
1257 4250 1298 4301 ac
1330 4227 1588 4327 disciplinarum
1613 4230 1799 4322 fautorem,
1834 4239 1913 4308 tum
1934 4240 2146 4322 ceterarum,
2179 4241 2260 4308 tum

741 4348 878 4416 nostrae
916 4341 1159 4417 Universitatis
1188 4349 1352 4420 statorem
1383 4371 1423 4422 ac
1457 4347 1646 4424 vindicem:
1681 4340 1744 4449 qui
1766 4351 1936 4452 populum
1960 4375 2065 4427 suum
2090 4351 2258 4428 afflictum

742 4461 969 4551 consolando,
1002 4461 1106 4562 eique
1137 4462 1342 4563 opitulando
1373 4468 1569 4566 nuperrime
1591 4469 1721 4568 patriae
1747 4471 1886 4548 Patrem
1912 4497 1949 4548 se
1975 4473 2138 4548 ostendit.
2183 4472 2258 4547 Sal·

743 4603 826 4655 vum
848 4579 956 4679 igitur
982 4605 1064 4658 eum
1091 4605 1167 4658 esse
1189 4608 1272 4660 cum
1293 4593 1367 4660 tota
1389 4587 1464 4660 eiua
1487 4588 1591 4664 domo
1612 4589 1710 4665 valde
1734 4591 1950 4691 gaudemus,
1979 4615 2042 4691 pro
2063 4592 2260 4678 beneficiis,

742 4699 780 4772 in
805 4721 887 4772 eum
910 4699 1063 4790 collatis,
1101 4727 1256 4783 summas
1281 4705 1358 4780 Deo
1386 4706 1515 4804 gratias
1540 4717 1703 4808 agentes,
1735 4717 1883 4810 votaque
1904 4711 2036 4794 sincere
2058 4737 2121 4810 pro
2146 4713 2261 4788 aelate

728 4814 827 4907 eius
839 4829 1091 4918 nuncupantes.
