4892 6184
732 678 798 746 100
1335 675 1374 742 11.
1407 673 1443 742 ll.
1477 671 1649 741 vluna

732 891 813 959 tum
842 881 1002 958 deoeemr
1029 902 1130 956 meua
1157 900 1241 955 cnm
1266 877 1484 956 auditoribus
1509 877 1581 954 suia
1602 873 1869 952 communicavit
1883 875 1948 968 ¹⁶⁰)
1979 899 2155 974 quemque
2178 877 2248 952 iam

736 1002 886 1078 mutare
911 1023 970 1075 me
991 1005 1136 1105 oportet.
1186 998 1412 1074 Gratulamur
1435 999 1501 1075 tibi
1523 1005 1597 1075 toto
1617 1021 1661 1072 ex
1688 994 1874 1070 unimode
1899 995 2048 1084 honore,
2075 1021 2147 1096 quo
2172 996 2248 1072 Rex

736 1131 774 1197 te
811 1120 947 1208 affecit,
984 1141 1090 1218 quem
1121 1124 1264 1218 gratum
1293 1118 1359 1194 tibi
1391 1119 1499 1195 luisse
1533 1123 1783 1216 acceptumque
1815 1113 1901 1188 mihi
1936 1115 2150 1215 persuadeo,
2181 1141 2248 1192 non

738 1246 879 1341 propter
900 1263 938 1313 ae
962 1238 1101 1336 ipsum
1130 1259 1214 1312 nam
1235 1237 1323 1336 quid
1347 1237 1453 1315 habet
1477 1238 1587 1339 gloria
1605 1237 1643 1312 iu
1664 1259 1721 1323 ee,
1750 1257 1812 1310 our
1831 1236 2057 1332 expetatnrt,
2087 1235 2151 1309 eod
2170 1237 2249 1334 qnia

738 1358 902 1433 virtutem
924 1365 1105 1455 tamquam
1127 1354 1253 1432 umbra
1273 1357 1450 1457 sequitur,
1476 1381 1695 1456 munusque,
1723 1377 1795 1454 quo
1812 1353 1987 1452 iungeris,
2007 1353 2249 1453 grarimimum

740 1501 866 1555 novam
891 1475 959 1552 tibi
986 1475 1132 1575 praebet
1158 1474 1359 1552 iacmtatem
1391 1477 1497 1554 vitam
1524 1484 1622 1551 tuam
1642 1473 1800 1572 viresque
1825 1472 1872 1546 ud
1894 1472 2114 1571 provehenda
2133 1474 2250 1547 iuven·

738 1596 826 1672 tutia
853 1596 1036 1672 commoda
1061 1594 1262 1694 patriaeque
1289 1597 1435 1672 salutem
1464 1595 1664 1672 adhibendi.
1712 1590 1937 1668 Gratulamur
1962 1599 2079 1666 autem
2100 1617 2249 1691 praeser-

741 1715 807 1790 tim
836 1714 873 1790 et
896 1715 1016 1804 nobie,
1046 1713 1082 1788 et
1110 1721 1248 1790 nostrae
1272 1715 1481 1792 Academiae
1488 1749 1498 1805 3
1529 1738 1612 1791 nam
1634 1711 1795 1789 norimus
1823 1719 1903 1786 tuae
1928 1712 2056 1786 mentia
2077 1711 2251 1811 animique

741 1835 862 1922 dotee,
896 1834 1029 1933 ingenii
1061 1857 1228 1922 acumen,
1258 1833 1427 1911 iudicium
1458 1836 1681 1924 acerrimum,
1710 1831 1950 1933 prudentiam,
1978 1831 2249 1920 humanitatem,

743 1953 817 2028 veri
843 1953 997 2052 bonique
1026 1953 1204 2042 eludium,
1236 1953 1427 2030 litterarum
1452 1979 1621 2044 amorem,
1654 1951 1883 2030 institutionis
1902 1952 2141 2050 provehendae
2157 1952 2250 2026 ardo-

747 2096 840 2161 rem,
869 2073 1047 2148 mutatem
1068 2072 1236 2171 denique,
1264 2097 1334 2172 qua
1355 2072 1499 2149 allectus
1520 2099 1557 2148 ee
1582 2098 1664 2174 erga
1685 2079 1838 2148 noctram
1858 2071 2106 2161 Academiam,
2129 2073 2252 2147 almam

744 2201 843 2268 tuam
866 2200 1024 2268 matrem.
1061 2190 1158 2270 Quid
1178 2191 1308 2266 mirum
1327 2193 1455 2292 igitur,
1484 2215 1694 2293 magnopere
1720 2216 1784 2266 noe
1812 2191 1964 2291 gaudem
1993 2192 2037 2266 de
2057 2215 2200 2266 munere
2217 2193 2252 2264 in

741 2321 778 2388 te
806 2311 921 2386 delato
948 2321 984 2386 et
1004 2336 1027 2385 a
1047 2318 1083 2384 te
1103 2312 1288 2409 succepto?
1322 2311 1563 2386 Pereueeimua
1588 2314 1682 2387 enim
1712 2311 1831 2400 nobis,
1858 2335 1998 2386 ornnem
2022 2317 2058 2384 te
2078 2311 2252 2386 curamin

745 2430 975 2506 sustentanda
1019 2429 1250 2530 augendaque
1289 2429 1532 2507 Univereitatia
1564 2441 1701 2508 nostrae
1733 2431 1903 2532 dignitate
1938 2456 2013 2506 esee
2051 2431 2253 2532 positurum.

744 2549 850 2626 Adsit
869 2549 937 2625 tibi
957 2549 1099 2648 tuiaque
1122 2549 1274 2649 Collegie
1292 2551 1391 2626 Deue
1411 2551 1599 2650 pmpitiua,
1631 2559 1672 2627 ut
1691 2575 1765 2639 rea,
1795 2575 1885 2651 quae
1913 2550 2012 2625 vobio
2030 2575 2134 2626 curae
2156 2561 2254 2638 eunt,

746 2668 893 2744 feliciter
930 2692 1161 2768 prospereque
1199 2667 1369 2746 eveniant.
1434 2671 1538 2746 Adsit
1575 2670 1641 2746 tibi
1677 2671 1814 2770 illioque
1841 2669 1880 2744 iu
1912 2667 2124 2769 gmvieaimie
2153 2671 2255 2744 etiam

745 2786 919 2876 consiliio,
952 2812 1043 2888 qnae
1074 2787 1243 2887 capienda
1268 2788 1366 2864 vobis
1395 2788 1483 2879 aiut,
1514 2797 1556 2866 ut
1587 2790 1781 2866 cathedrae
1808 2789 1879 2864 iam
1910 2789 1982 2864 iam
2008 2796 2160 2864 vacanter
2179 2789 2252 2863 exi·

746 2904 829 2982 miie
853 2914 1019 2982 ornentur
1048 2907 1151 2996 vina,
1177 2906 1239 3006 qui
1264 2907 1353 2984 nihil
1374 2907 1553 3009 antiquius
1579 2910 1750 3020 habeant,
1776 2909 1958 3008 magisque
1984 2913 2124 3008 optent,
2150 2933 2255 3007 quam

748 3025 786 3101 et
822 3025 1015 3102 litterarum
1046 3025 1172 3104 etudiia
1205 3026 1646 3130 aciuventutiprodeaae,
1676 3034 1816 3104 atvero
1842 3026 2256 3104 SocietatieOhriatianae
2382 3045 2383 3055 ¹

749 3145 933 3222 commoda
960 3146 1156 3248 pmvehere.
1206 3145 1264 3222 Sic
1286 3153 1348 3223 tuo
1374 3148 1663 3248 collegarumque
1683 3157 1826 3224 tuorum
1852 3147 2010 3236 oonsilio,
2040 3149 2256 3236 anctoritate,

752 3266 924 3342 sententia
946 3265 1068 3343 floreat
1090 3273 1127 3342 et
1148 3273 1279 3342 crescat
1300 3267 1490 3344 Academia
1512 3267 1864 3346 Rheno-ihuieotinul

793 3507 844 3581 Ut
881 3515 999 3584 eutem
1029 3507 1221 3584 Academia
1249 3509 1384 3610 indiget
1416 3509 1663 3598 (iuratoribus,
1696 3509 1764 3598 eie,
1796 3515 1832 3584 et
1860 3471 1977 3583 minua
2009 3508 2118 3584 etiam
2148 3531 2260 3582 carere

743 3627 814 3702 illia
847 3636 982 3728 potest,
1013 3629 1075 3728 qui
1105 3628 1238 3705 litterae
1271 3636 1420 3704 tractent
1442 3653 1483 3705 ao
1504 3630 1659 3706 doceant.
1711 3628 1818 3708 Quod
1841 3651 1923 3703 cum
1945 3627 1994 3703 ita
2020 3628 2084 3718 ait,
2109 3627 2146 3702 in
2170 3653 2259 3704 com·
2381 3637 2382 3670 l

727 3746 981 3822 'memorandis
1011 3748 1087 3824 eiua
1116 3747 1217 3837 faho,
1253 3748 1298 3824 de
1321 3749 1377 3826 hia
1400 3751 1600 3852 praesertim
1622 3749 1747 3826 referre
1770 3771 1827 3823 me
1849 3755 1995 3847 oportet.
2055 3748 2112 3822 De
2140 3747 2262 3822 studiis

746 3863 875 3938 nostris
896 3863 1138 3965 laboribusque
1163 3867 1277 3942 dicere
1298 3893 1363 3946 neo
1382 3870 1597 3947 consuetudo
1620 3870 1708 3960 lert,
1732 3877 1768 3944 et
1789 3876 1882 3944 vetat
1905 3868 2087 3970 modestia.
2138 3870 2261 3968 Itaque

750 3981 853 4055 unice
877 3982 922 4056 de
946 3983 1027 4058 latia
1048 3984 1176 4058 nustria
1198 3987 1375 4064 enarrabo.
2047 4010 2052 4020 “

798 4097 917 4174 Pauca
942 4099 1105 4198 quidem,
1129 4108 1166 4176 at
1192 4105 1359 4182 nonnulla
1381 4113 1499 4184 umen
1520 4108 1663 4184 adverae
1683 4131 1825 4186 evenere
1848 4108 1914 4186 eub
1937 4110 2151 4210 Magistratu
2171 4134 2263 4185 meo.
2380 4097 2381 4106 ¹

678 4313 680 4317 Ι
748 4217 858 4297 Vobia
883 4218 998 4310 enim,
1022 4219 1098 4294 Viri
1115 4221 1324 4300 Clarissimi!
1360 4225 1522 4329 Collegae
1541 4229 1831 4306 coniunctissimi:
1857 4232 2143 4320 Gaonrrawonu,
2158 4229 2264 4305 Hon-

745 4361 849 4427 rrne,
875 4361 949 4413 van
976 4338 1097 4428 Rana,
1121 4340 1222 4417 Bura
1246 4344 1418 4435 Brauon,
1442 4345 1619 4424 Hanrruo
1640 4357 1676 4425 et
1694 4371 1742 4424 nn
1767 4351 1891 4426 Grau!
1917 4361 2029 4425 morte
2050 4350 2163 4450 erepti
2179 4361 2268 4424 eunt

743 4459 883 4558 cognati
909 4459 1133 4536 dilectissimi.
1182 4461 1364 4540 Praeterea
1387 4473 1534 4566 uterque
1554 4476 1727 4558 vestrum,
1760 4469 2072 4546 Cl.Haau1neet
2094 4471 2266 4546 Sounou-

742 4599 817 4652 oan
847 4601 922 4652 vau
953 4601 1027 4653 nna
1049 4579 1179 4655 Kouni
1212 4581 1325 4658 orbati
1347 4586 1431 4660 eatis
1450 4586 1522 4664 lilia
1543 4589 1736 4664 cadesima:
1762 4589 1825 4688 qui
1843 4613 1945 4666 caena
1967 4598 2159 4691 utnrmque
2186 4616 2267 4665 ves·

589 4784 592 4792 .
740 4704 853 4784 uum,
876 4707 913 4772 et
934 4706 970 4772 te
992 4699 1133 4796 quidem
1153 4702 1376 4802 praesertim,
1400 4704 1454 4782 01.
1478 4731 1552 4782 van
1572 4732 1647 4786 nnn
1664 4709 2081 4786 Ruunt-recrudescente
2112 4713 2272 4812 graviori

625 4823 632 4836 “
741 4813 847 4888 etiem
874 4815 1033 4905 vulnere,
1068 4840 1196 4917 magno
1228 4819 1343 4897 affecit
1368 4815 1503 4915 dolore,
1527 4849 1592 4903 nec
1617 4835 1734 4906 tamen
1760 4831 1940 4930 oppressit.
1990 4831 2145 4907 Fortiter
2165 4833 2274 4908 enim
2379 4847 2380 4918 ἰ
