4892 6184
690 589 756 656 aab
1299 586 1335 653 Ε.
1369 586 1398 653 J.
1432 584 1623 665 nnat,

690 796 775 871 haec
804 818 895 884 esse,
927 794 972 870 de
1004 791 1134 893 quibua
1165 797 1262 867 aetas
1293 798 1412 867 nostra
1432 790 1654 881 sollicitatur,
1678 814 1824 893 eamque
1845 790 1885 870 id
1908 793 2025 871 minui
2050 804 2087 872 et
2108 797 2201 896 plnu-

689 916 790 1006 dere,
824 914 854 990 si
881 912 1022 1013 quando
1046 909 1213 989 celeritati
1244 911 1424 1011 hueusque
1447 910 1624 1011 incognita
1653 910 1707 987 rel
1729 910 1797 1012 ipsi
1820 912 1978 991 homines
2004 916 2059 991 vel
2084 942 2199 993 eornm

690 1035 792 1110 verba
812 1033 934 1109 saltem
959 1032 1130 1107 immensa
1154 1029 1267 1131 spatia
1292 1039 1509 1131 percurrant,
1534 1030 1588 1105 vel
1612 1029 1642 1105 si
1665 1031 1763 1107 novis
1787 1032 1899 1133 iisque
1922 1036 2197 1133 praeclarissimis

687 1152 837 1255 inventis
859 1152 1015 1253 quotidie
1033 1151 1104 1226 fere
1124 1150 1280 1227 doctrina
1299 1158 1416 1226 nostra
1437 1158 1602 1251 augetur,
1626 1158 1668 1226 ut
1691 1150 1825 1250 possint
1849 1162 2042 1230 mereatrua
2064 1162 2100 1230 et
2122 1158 2199 1231 arti·

687 1272 786 1362 ficia,
820 1282 863 1347 ut
889 1272 999 1372 possit
1029 1270 1188 1347 omnium
1222 1270 1384 1374 primaria
1411 1294 1528 1346 rernm
1556 1270 1785 1370 intelligentia
1807 1272 1844 1347 in
1868 1272 2005 1371 ignotas
2029 1280 2110 1351 ante
2135 1274 2198 1350 sibi

687 1391 844 1491 regiones
865 1398 1063 1491 penetrare,
1087 1398 1124 1465 et
1145 1390 1294 1467 obscura
1317 1388 1499 1488 hucusque
1521 1398 1726 1489 argumenta
1749 1389 1816 1466 levi
1839 1391 1978 1491 negotio
2000 1394 2197 1493 perspicere.

501 1489 530 1611 ,
597 1595 600 1601 ,
635 1578 638 1581 ,
687 1511 754 1586 Vel
779 1510 991 1599 boeotiam,
1016 1511 1112 1610 quod
1137 1510 1184 1585 ad
1206 1509 1386 1585 civitatum
1413 1508 1569 1609 regimen
1592 1510 1762 1609 pertinet,
1788 1517 1959 1587 nostrates
1983 1512 2198 1588 vehementer

688 1634 815 1730 agitat,
834 1655 949 1730 neque
970 1630 996 1704 ii
1019 1654 1161 1719 sumus,
1189 1629 1252 1730 qni
1271 1630 1444 1729 possimus
1465 1629 1637 1728 quidquid
1659 1628 1865 1705 hodiernum
1885 1630 2038 1729 aliquem
2056 1633 2199 1707 Pansa-

689 1774 759 1825 rnrr
781 1759 925 1839 teneat,
940 1751 1041 1828 unice
1064 1750 1175 1826 securi
1196 1734 1388 1849 despicere;
1405 1748 1455 1823 ad
1477 1772 1541 1824 nos
1565 1772 1704 1848 quoque
1725 1749 1894 1849 pertinet,
1919 1750 2015 1851 quod
2037 1750 2081 1825 de
2106 1776 2199 1827 mon·

687 1868 802 1943 archia
829 1869 1020 1967 ceterisque
1051 1867 1188 1967 imperii
1221 1865 1360 1955 formis,
1394 1866 1489 1964 quod
1521 1866 1565 1940 de
1598 1867 1756 1943 libertate
1794 1867 1865 1942 siue
1893 1867 2002 1944 nimia
2037 1869 2110 1944 sire
2134 1895 2200 1947 non

689 1988 899 2077 sufficiente,
932 1988 977 2061 de
1008 1987 1100 2063 varia
1130 1986 1282 2074 ratione,
1314 1984 1443 2084 quibus
1471 1984 1634 2085 suffragia
1659 1986 1819 2076 ferenda,
1843 1994 1907 2063 aut
1927 1989 2067 2065 creandi
2094 1991 2198 2089 magi·
2247 1996 2251 2003 “

689 2114 835 2194 stratus,
856 2112 918 2179 aut
936 2105 1031 2203 legas
1053 2102 1295 2177 diiudicandae
1316 2102 1442 2178 sintin
1463 2104 1601 2179 exculta
1619 2105 1741 2204 quavis
1763 2106 1901 2181 civitate
1921 2115 2055 2205 agatur.
2092 2111 2197 2185 Tene-

688 2232 907 2299 inurentem
930 2222 968 2297 in
990 2223 1084 2298 bisce
1104 2231 1270 2311 eatenus,
1295 2222 1411 2322 quoad
1433 2246 1494 2312 es,
1524 2226 1614 2321 qua'e
1639 2222 1731 2312 dixi,
1763 2224 1910 2324 populos
1936 2224 2079 2301 mirifice
2107 2250 2195 2303 oom-

687 2349 827 2419 morent
859 2368 973 2442 neque
1007 2342 1119 2419 ullum
1152 2351 1310 2419 nostrum
1342 2342 1524 2445 patiuntur
1557 2342 1611 2419 sui
1649 2343 1886 2450 ignorantem,
1922 2345 2094 2443 siquidem
2129 2347 2199 2421 vult

588 2527 592 2536 ,
680 2462 810 2559 ⁸eodem
830 2488 912 2565 curn
930 2462 1134 2562 aequalibus
1154 2488 1277 2562 gressu
1297 2462 1498 2562 procedere;
1519 2486 1583 2538 neo
1602 2464 1633 2538 si
1652 2464 1847 2563 complures
1865 2464 2009 2541 tortasse
2028 2490 2099 2540 non
2121 2466 2198 2541 satis

688 2609 729 2658 ca
752 2583 968 2671 discernant,
993 2607 1034 2659 eo
1061 2589 1268 2682 argumento
1288 2582 1374 2659 falsa
1398 2606 1473 2659 esse
1494 2583 1705 2659 evincantur.
1754 2584 1940 2683 Languent
1959 2584 2067 2684 igitur
2088 2610 2197 2673 nuno,

614 2691 618 2699 ’
688 2713 724 2779 et
745 2702 886 2778 sordent
907 2702 1070 2801 antiquae
1090 2702 1243 2791 litterae,
1268 2702 1353 2801 quin
1376 2700 1483 2778 immo
1503 2702 1630 2778 sensim
1650 2703 1876 2793 deseruntur,
1890 2704 2198 2805 relinquunturque

687 2823 905 2920 paucissimis
935 2829 973 2897 et
1003 2822 1041 2896 in
1075 2822 1149 2897 dies
1177 2821 1408 2921 paucioribus.
1459 2822 1626 2922 Cogimur
1651 2824 1765 2913 eninr,
1791 2825 2048 2923 quotquorhss
2072 2826 2198 2899 litteras

689 2942 887 3043 diligimus,
921 2950 962 3015 ut
991 2942 1094 3017 multi
1128 2941 1254 3017 laboris
1286 2941 1452 3041 exiguum
1484 2966 1585 3041 saepe
1619 2942 1772 3018 fructum
1803 2944 2050 3043 percipiamus,
2079 2953 2116 3017 et
2141 2944 2201 3018 hoo

690 3084 829 3160 quoqne
861 3068 941 3160 post
973 3084 1136 3137 nummos
1165 3060 1249 3158 poni
1280 3060 1377 3135 solet.
1425 3060 1501 3135 Nee
1526 3062 1601 3137 iure
1624 3062 1744 3163 negari
1763 3070 1896 3163 potest,
1921 3062 2029 3139 animi
2051 3064 2198 3149 cultum,

689 3207 762 3257 rem
787 3181 1117 3280 praestantissimam
1141 3190 1177 3258 et
1201 3180 1442 3281 dignissimam
1465 3182 1597 3281 optimo
1620 3206 1779 3282 quoqne,
1805 3183 1894 3259 hano
1917 3182 2031 3284 ipsam
2052 3183 2099 3259 ob
2122 3206 2199 3260 cau·

689 3327 764 3377 sam
784 3327 866 3377 oum
889 3301 1011 3390 turba,
1035 3301 1247 3401 profanoque
1272 3301 1377 3401 vulgo
1399 3303 1645 3379 communicari
1664 3327 1778 3403 neque
1801 3303 1928 3379 debere
1951 3326 2066 3403 neque
2085 3326 2200 3403 possa,

690 3448 771 3499 eum
800 3423 923 3499 saltem
949 3421 1205 3511 sublimiorem,
1238 3421 1283 3496 de
1317 3444 1387 3520 quo
1414 3444 1508 3497 nunc
1534 3423 1681 3521 agimus.
1741 3423 1832 3498 Item
1861 3446 1982 3499 verum
2011 3430 2086 3512 est,
2109 3422 2198 3497 bunc

689 3542 797 3617 animi
817 3542 952 3617 cultum
973 3542 1078 3617 etiam
1105 3538 1246 3617 aliunde
1268 3565 1375 3640 quem
1395 3566 1439 3615 ex
1464 3540 1585 3635 litteris
1608 3540 1738 3617 hauriri
1762 3566 1881 3641 posse,
1905 3551 1942 3617 et
1967 3568 2012 3617 ex
2038 3542 2202 3619 recentio-

649 3678 652 3684 '
688 3664 787 3736 ribus
812 3670 853 3735 ut
876 3686 920 3735 ex
943 3660 1115 3762 antiquis;
1150 3661 1276 3736 deinde
1298 3660 1374 3760 ipsa
1397 3684 1514 3735 rerum
1542 3669 1666 3737 natura
1694 3662 1827 3739 affatim
1849 3663 1992 3762 praebet
2016 3672 2199 3763 argumen-

691 3789 824 3867 torum,
858 3805 947 3877 quae
974 3805 1090 3856 osores
1120 3781 1189 3856 nisi
1209 3782 1408 3880 ignorantes
1437 3781 1508 3855 iere
1532 3806 1602 3869 non
1626 3781 1776 3870 babent,
1798 3789 1835 3859 et
1856 3782 1984 3881 quibus
2008 3782 2061 3857 vel
2085 3782 2202 3857 leviter

693 3898 853 3975 tenendis
885 3922 955 3974 non
987 3901 1156 3975 sufficeret
1191 3900 1367 3975 tantillum
1399 3900 1464 3975 hoo
1494 3900 1779 3977 vitaehumanae
1812 3902 1974 4002 spatium.
1992 3917 2005 3937 “
2023 3901 2153 4007 Porro,
2179 3904 2206 3977 si

693 4019 778 4094 haec
805 4018 923 4095 omnia
943 4018 988 4095 ad
1011 4018 1128 4095 studia
1154 4018 1305 4118 privata,
1330 4028 1366 4094 et
1385 4019 1579 4119 elegantem
1603 4020 1822 4121 ingeniorum
1844 4020 2111 4097 oblectationem
2134 4022 2201 4096 eri·

692 4132 807 4240 ganda
834 4146 937 4228 sunt,
967 4163 1038 4213 non
1070 4138 1188 4227 rideo,
1223 4138 1310 4238 quid
1338 4138 1445 4214 altera
1473 4164 1529 4214 ars
1562 4139 1659 4216 alteri
1683 4148 1843 4241 praestet.
1894 4142 1996 4221 Quae
2024 4138 2146 4215 omnia
2179 4142 2206 4213 si

690 4278 916 4361 negaremsu,
949 4267 990 4337 ut
1020 4283 1113 4335 nuno
1142 4254 1289 4335 candide
1320 4256 1487 4349 latemur,
1510 4283 1580 4336 non
1605 4286 1789 4360 possemus
1812 4270 1928 4337 tamur
1951 4260 2054 4336 hosce
2076 4260 2203 4337 fluctus

693 4382 866 4480 effugere,
900 4367 964 4479 qui
993 4378 1121 4455 invicta
1146 4403 1242 4455 nunc
1276 4378 1311 4453 vi
1334 4379 1532 4478 splendidas
1558 4380 1642 4456 olitn
1666 4390 1820 4471 nostras,
1844 4389 1880 4456 et
1901 4378 2052 4455 excelsas
2075 4378 2204 4455 litteras

654 4488 879 4590 '›deiiciunt,
912 4507 954 4575 ut
981 4499 1124 4599 quidam
1157 4506 1193 4575 et
1225 4498 1345 4575 volunt
1374 4508 1410 4574 et
1431 4500 1597 4589 credunt,
1625 4526 1737 4601 usque
1761 4502 1800 4578 in
1823 4499 2004 4578 oblivionis
2029 4498 2200 4575 vorticem.

696 4624 786 4702 Quis
808 4622 890 4712 scit,
914 4644 960 4696 an
983 4644 1066 4698 mox
1088 4620 1175 4696 forte
1197 4620 1283 4720 ipsis
1305 4618 1558 4719 resurgendum
1582 4620 1652 4696 sit?

745 4740 873 4817 Omnia
887 4744 894 4757 ‘
907 4740 992 4817 baec
1020 4739 1129 4841 igitur
1155 4740 1201 4817 ad
1231 4762 1386 4818 normam
1410 4739 1613 4837 hodiernam
1637 4739 1838 4842 exegimus,
1861 4739 1958 4819 etid
1980 4737 2204 4815 incusamus
