4892 6184
762 727 764 732 ’
905 707 1183 780 oalrro.
1345 673 1351 684 ’
1732 709 1798 778 nar

285 921 367 998 ralis
401 920 576 998 doctoresr
605 919 683 994 iura
707 914 837 1018 quibus
856 917 984 1020 populi
1012 925 1160 995 utuntur
1182 939 1372 1018 eorumque
1396 915 1572 992 historiam
1599 936 1680 990 oum
1706 912 1795 988 ideis

286 1041 391 1129 iuris,
415 1067 504 1141 quae
526 1039 621 1141 ipsae
643 1061 706 1138 par
727 1059 765 1113 se
788 1046 960 1138 spectatae
979 1038 1112 1115 nullam
1134 1037 1313 1138 obligandi
1329 1036 1400 1112 vim
1421 1033 1571 1124 habent,
1586 1033 1657 1110 ‘sed
1676 1041 1793 1109 tamen

286 1169 453 1262 perpetuo
487 1159 658 1248 animare,
692 1155 878 1258 conigere,
909 1159 1071 1258 perficere
1096 1155 1258 1234 instituta
1280 1156 1442 1256 legesque
1467 1154 1606 1231 debent.
1661 1153 1795 1228 Eadem

285 1280 363 1354 lace
385 1279 511 1356 elarius
535 1275 705 1367 ostendit,
734 1299 805 1352 non
827 1277 961 1353 coelum
983 1276 1095 1377 magis
1115 1300 1137 1353 a
1159 1286 1250 1352 terra
1272 1275 1401 1352 distare
1421 1298 1527 1374 quam
1545 1272 1795 1350 emendationis

286 1397 443 1474 studium
477 1421 642 1476 ererum
675 1420 842 1474 novarum
874 1397 1037 1496 cupidine
1066 1396 1363 1496 meretricumque
1394 1393 1573 1468 Gallorum
1600 1392 1794 1468 libertatem

286 1544 307 1593 a
337 1517 491 1618 virginea
516 1517 576 1592 illa
607 1516 707 1594 cuius
737 1515 925 1616 imaginem
955 1515 1100 1591 maiores
1125 1514 1235 1589 nostri
1255 1513 1409 1588 nummis
1436 1511 1509 1586 suis
1533 1518 1795 1611 expresserunt,

287 1642 327 1711 ut
355 1661 398 1712 ex
427 1637 492 1711 hoc
526 1635 627 1734 signo
643 1629 716 1734 per
747 1639 860 1710 totam
889 1641 1058 1710 terrarum
1090 1632 1210 1709 orbam
1239 1631 1403 1708 omnihus
1430 1639 1621 1722 constaret,
1656 1631 1795 1730 qualem

285 1754 454 1830 libertatis
489 1777 603 1829 sacrae
637 1751 815 1851 cinisque
840 1752 989 1851 speciem
1014 1751 1223 1829 Neerlandie
1255 1751 1494 1851 praecunctis
1524 1749 1601 1827 aliis
1630 1750 1795 1850 gentibus

286 1874 354 1948 sibi
391 1872 558 1948 finxisset.
617 1870 723 1945 Hanc
757 1871 866 1946 colere
901 1876 1007 1970 etque
1042 1873 1193 1947 accolam
1230 1871 1404 1947 Hoaonrs
1439 1873 1576 1946 Gaorn
1614 1870 1797 1970 poprdares

285 1991 394 2068 decet.
444 1990 542 2065 Haec
566 1988 659 2064 enim
686 1987 855 2089 principia
875 2012 946 2065 non
966 1991 1072 2066 ducta
1092 2014 1114 2065 a
1132 1989 1265 2066 munds
1285 1989 1354 2066 illia
1369 1991 1549 2090 Gallorum
1567 1989 1797 2066 recentiorum

285 2111 329 2186 de
358 2109 536 2198 libertate,
568 2106 799 2198 fraternitate,
829 2109 1036 2209 aequalitate
1064 2108 1210 2186 decretis
1234 2116 1336 2199 aunt,
1362 2110 1424 2186 sed
1448 2134 1471 2184 a
1493 2110 1610 2210 puris,
1635 2108 1795 2196 sinceris,

286 2228 514 2316 sublimibus,
550 2226 764 2326 simplicibus
797 2227 1012 2304 Christianae
1039 2228 1214 2327 religionis
1245 2228 1456 2328 praeseptis,
1487 2252 1577 2326 quae
1603 2226 1797 2301 incredibili

286 2372 400 2424 amore
424 2347 721 2447 amplexusatque
736 2345 911 2445 professus
924 2346 1047 2422 fuisset
1058 2354 1213 2422 veterum
1230 2345 1511 2446 philosophorum
1531 2344 1684 2444 optimus
1703 2344 1796 2442 quis·

286 2491 372 2565 que,
408 2455 613 2542 recentiores
650 2487 729 2540 vero
760 2465 885 2565 mandi
919 2466 1100 2567 supercilio
1138 2465 1391 2566 despexerunt,
1429 2489 1553 2564 parum
1585 2463 1798 2563 suspicantes

287 2611 427 2674 verum,
451 2585 546 2682 quod
571 2583 607 2658 in
632 2583 787 2683 ipsorum
813 2585 984 2661 erroribus
1007 2587 1146 2675 lateret,
1171 2585 1283 2666 unica,
1297 2585 1365 2659 illis
1391 2607 1468 2659 esse
1487 2582 1723 2658 tribuendum.
1809 2676 1811 2679 Ι

335 2705 458 2780 Dicam
482 2702 577 2801 quod
599 2703 720 2779 sentio.
769 2703 961 2804 Religionis
982 2705 1198 2781 Christianae
1217 2703 1386 2805 principie
1403 2727 1494 2803 quae
1510 2703 1556 2778 ad
1573 2703 1797 2778 recreandum

286 2829 323 2896 et
336 2819 617 2920 'regenerandum
641 2843 753 2918 genus
777 2819 969 2898 humanum
989 2821 1160 2898 destinata
1181 2829 1256 2913 est,
1278 2820 1480 2898 incredibile
1502 2821 1599 2896 dictu
1618 2829 1673 2898 est
1689 2846 1797 2920 quan·

260 2968 264 2978 ·
287 2949 364 3016 tum
385 2939 432 3015 ad
457 2938 726 3038 regenerandam
748 2938 1000 3042 philosophiam
1020 2947 1057 3018 at
1082 2939 1218 3041 possint
1238 2945 1276 3016 et
1296 2939 1447 3016 debeant
1466 2938 1609 3015 efficere.

336 3419 460 3492 Restat
496 3427 536 3492 ut
564 3441 606 3494 ea
636 3439 811 3507 enarrem,
844 3439 935 3515 quae
965 3417 1051 3506 hoe,
1086 3417 1150 3515 qui
1175 3415 1329 3506 effluxit,
1361 3439 1452 3492 anno
1482 3416 1564 3492 buic
1591 3415 1798 3492 Academiae

200 3553 203 3558 ·
288 3536 494 3612 aeciderunt.
529 3537 722 3636 Utramque
742 3542 889 3625 sortem,
910 3541 953 3611 ut
969 3536 1044 3610 fieri
1064 3536 1169 3626 solet,
1188 3541 1403 3636 expertaest.
1437 3532 1645 3610 Atriatibus
1657 3534 1798 3609 initium

286 3653 493 3730 iacientibus
525 3653 865 3731 commemorandum
896 3661 950 3728 est
977 3653 1186 3730 Academiae
1218 3662 1288 3730 tres
1315 3654 1459 3730 iuvenes
1480 3654 1547 3730 boc
1574 3677 1666 3730 anno
1688 3662 1799 3730 morta

286 3793 363 3848 assa
384 3771 536 3848 ablatos:
562 3775 807 3850 Gammausa
829 3795 904 3848 vsa
922 3773 1026 3849 Turn
1051 3774 1227 3864 Hirrus,
1251 3772 1542 3873 iurisprndentiae
1567 3773 1797 3874 destinqtum,

288 3895 509 3968 Sracannun
530 3891 781 3982 Wrnsmrrnsr,
800 3889 990 3990 disciplinis
1008 3890 1158 3992 physicis
1178 3891 1358 3983 deditum,
1375 3892 1575 3968 Ionauumr
1596 3891 1799 3970 Heumcmr

288 4013 567 4101 Bnnrruunaca,
592 4011 655 4112 qui
677 4033 796 4086 mense
818 4009 961 4086 demum
981 4011 1072 4088 Iulio
1097 4034 1225 4094 nomen
1251 4011 1332 4089 albo
1355 4011 1588 4087 studiosorum
1614 4011 1797 4113 inscripsit.

287 4131 426 4207 Horum
463 4131 629 4207 memoria
643 4161 647 4170 ·
661 4128 913 4206 iucundissima
944 4130 1068 4207 mento
1106 4138 1161 4206 est
1195 4131 1420 4232 manebitque
1456 4131 1659 4231 pmentibus
1694 4138 1799 4228 atqua

289 4249 601 4340 commilitonibus,
635 4249 697 4349 qui
728 4255 844 4325 metuo
877 4273 951 4325 sesa
972 4252 1050 4349 fide
1080 4250 1193 4328 vivere
1220 4251 1327 4343 valle,
1362 4257 1585 4348 mortuosque
1604 4252 1670 4348 pie
1692 4251 1800 4325 colere

290 4368 404 4466 palam
429 4369 539 4445 solent
563 4367 804 4445 honestissimo
826 4369 931 4444 modo
952 4369 1115 4469 profiteri
1151 4351 1154 4360 Δ

363 4487 484 4562 Huius
503 4487 600 4564 urbis
624 4485 837 4588 praefectus,
860 4487 1068 4565 Academiae
1092 4489 1252 4589 (iurator,
1275 4486 1452 4564 carissimo
1473 4487 1545 4564 filio
1568 4496 1622 4564 est
1637 4489 1799 4578 orbatus;

290 4629 484 4705 parumque
506 4607 661 4708 praeviso
687 4614 796 4708 etque
816 4605 1028 4708 irreparabili
1048 4608 1114 4684 tibi
1135 4631 1220 4685 casu
1243 4631 1385 4683 uxorem
1405 4607 1571 4697 amisisti,
1595 4607 1800 4712 amicissime

291 4747 340 4801 nn
371 4749 419 4800 ns
454 4727 613 4802 Forsan!
649 4732 842 4801 mabonam
876 4727 1183 4827 spectatissimum,
1215 4726 1341 4802 domus
1369 4735 1451 4803 tuae
1476 4733 1628 4828 tuaeque
1651 4727 1799 4804 civitatis

291 4845 559 4944 Groninganae,
584 4869 688 4924 sexus
712 4845 767 4922 sui
786 4844 892 4925 decus
908 4855 1024 4948 ,atque
1043 4853 1305 4940 ornamentum,
1328 4846 1429 4926 cuins
1451 4847 1596 4925 ratres
1622 4856 1659 4925 et
1677 4848 1801 4926 merita
