<?xml version="1.0" encoding="UTF-8"?>
<!DOCTYPE html PUBLIC "-//W3C//DTD XHTML 1.0 Transitional//EN"
    "http://www.w3.org/TR/xhtml1/DTD/xhtml1-transitional.dtd">
<html xmlns="http://www.w3.org/1999/xhtml" xml:lang="en" lang="en">
 <head>
  <title>
</title>
<meta http-equiv="Content-Type" content="text/html;charset=utf-8" />
  <meta name='ocr-system' content='tesseract 3.04.00' />
  <meta name='ocr-capabilities' content='ocr_page ocr_carea ocr_par ocr_line ocrx_word'/>
</head>
<body>
  <div class='ocr_page' id='page_1' title='image "annalesacademic05unkngoog_0094.png"; bbox 0 0 4892 6184; ppageno 0'>
   <div class='ocr_carea' id='block_1_1' title="bbox 724 679 1636 750">
    <p class='ocr_par' dir='ltr' id='par_1_1' title="bbox 724 679 1636 750">
     <span class='ocr_line' id='line_1_1' title="bbox 724 679 1636 750; baseline -0.007 0"><span class='ocrx_word' id='word_1_1' title='bbox 724 685 769 750; x_wconf 82' lang='lat'><strong>84</strong></span> <span class='ocrx_word' id='word_1_2' title='bbox 1320 683 1360 748; x_wconf 89' lang='lat' dir='ltr'><strong>ll.</strong></span> <span class='ocrx_word' id='word_1_3' title='bbox 1394 680 1429 744; x_wconf 84' lang='grc' dir='ltr'><strong>Ε.</strong></span> <span class='ocrx_word' id='word_1_4' title='bbox 1465 679 1636 748; x_wconf 83' lang='lat' dir='ltr'><strong>VlNKE</strong></span> 
     </span>
    </p>
   </div>
   <div class='ocr_carea' id='block_1_2' title="bbox 615 879 2319 4095">
    <p class='ocr_par' dir='ltr' id='par_1_2' title="bbox 615 879 2319 4095">
     <span class='ocr_line' id='line_1_2' title="bbox 723 879 2237 994; baseline -0.004 -29"><span class='ocrx_word' id='word_1_5' title='bbox 723 891 822 980; x_wconf 89' lang='lat' dir='ltr'><strong>Deo,</strong></span> <span class='ocrx_word' id='word_1_6' title='bbox 846 889 891 964; x_wconf 92' lang='lat' dir='ltr'><strong>de</strong></span> <span class='ocrx_word' id='word_1_7' title='bbox 913 888 1094 987; x_wconf 87' lang='lat' dir='ltr'><strong>utriusque</strong></span> <span class='ocrx_word' id='word_1_8' title='bbox 1117 887 1293 962; x_wconf 86' lang='lat' dir='ltr'><strong>voluntate</strong></span> <span class='ocrx_word' id='word_1_9' title='bbox 1316 885 1353 960; x_wconf 94' lang='lat' dir='ltr'><strong>in</strong></span> <span class='ocrx_word' id='word_1_10' title='bbox 1373 886 1561 986; x_wconf 84' lang='lat' dir='ltr'><strong>Evangelio</strong></span> <span class='ocrx_word' id='word_1_11' title='bbox 1583 882 1793 960; x_wconf 79' lang='lat' dir='ltr'><strong>traduntur?</strong></span> <span class='ocrx_word' id='word_1_12' title='bbox 1826 879 2009 994; x_wconf 86' lang='lat' dir='ltr'><strong>Eiusmodi</strong></span> <span class='ocrx_word' id='word_1_13' title='bbox 2027 883 2155 959; x_wconf 86' lang='lat' dir='ltr'><strong>fiducia</strong></span> <span class='ocrx_word' id='word_1_14' title='bbox 2173 907 2237 958; x_wconf 88' lang='lat' dir='ltr'><strong>nec</strong></span> 
     </span>
     <span class='ocr_line' id='line_1_3' title="bbox 725 1003 2238 1104; baseline -0.008 -18"><span class='ocrx_word' id='word_1_15' title='bbox 725 1035 806 1086; x_wconf 90' lang='lat' dir='ltr'><strong>cum</strong></span> <span class='ocrx_word' id='word_1_16' title='bbox 830 1016 953 1084; x_wconf 88' lang='lat' dir='ltr'><strong>natura</strong></span> <span class='ocrx_word' id='word_1_17' title='bbox 977 1014 1111 1095; x_wconf 86' lang='lat' dir='ltr'><strong>nostra,</strong></span> <span class='ocrx_word' id='word_1_18' title='bbox 1134 1006 1267 1081; x_wconf 88' lang='lat' dir='ltr'><strong>ratione</strong></span> <span class='ocrx_word' id='word_1_19' title='bbox 1288 1005 1462 1104; x_wconf 88' lang='lat' dir='ltr'><strong>praedita,</strong></span> <span class='ocrx_word' id='word_1_20' title='bbox 1487 1003 1700 1090; x_wconf 89' lang='lat' dir='ltr'><strong>conveniret,</strong></span> <span class='ocrx_word' id='word_1_21' title='bbox 1719 1008 1755 1077; x_wconf 89' lang='lat' dir='ltr'><strong>et</strong></span> <span class='ocrx_word' id='word_1_22' title='bbox 1773 1023 1874 1076; x_wconf 84' lang='lat' dir='ltr'><strong>coeca</strong></span> <span class='ocrx_word' id='word_1_23' title='bbox 1891 1010 1997 1100; x_wconf 88' lang='lat' dir='ltr'><strong>atque</strong></span> <span class='ocrx_word' id='word_1_24' title='bbox 2020 1003 2127 1078; x_wconf 89' lang='lat' dir='ltr'><strong>stulta</strong></span> <span class='ocrx_word' id='word_1_25' title='bbox 2146 1011 2238 1077; x_wconf 83' lang='lat' dir='ltr'><strong>esset</strong></span> 
     </span>
     <span class='ocr_line' id='line_1_4' title="bbox 726 1121 2239 1226; baseline -0.003 -24"><span class='ocrx_word' id='word_1_26' title='bbox 726 1128 881 1203; x_wconf 86' lang='lat' dir='ltr'><strong>dicenda.</strong></span> <span class='ocrx_word' id='word_1_27' title='bbox 918 1125 1167 1226; x_wconf 87' lang='lat' dir='ltr'><strong>Complectitur</strong></span> <span class='ocrx_word' id='word_1_28' title='bbox 1182 1125 1290 1225; x_wconf 82' lang='lat' dir='ltr'><strong>igitur</strong></span> <span class='ocrx_word' id='word_1_29' title='bbox 1308 1125 1414 1213; x_wconf 91' lang='lat' dir='ltr'><strong>fides,</strong></span> <span class='ocrx_word' id='word_1_30' title='bbox 1440 1126 1484 1199; x_wconf 93' lang='lat' dir='ltr'><strong>de</strong></span> <span class='ocrx_word' id='word_1_31' title='bbox 1502 1149 1573 1223; x_wconf 91' lang='lat' dir='ltr'><strong>qua</strong></span> <span class='ocrx_word' id='word_1_32' title='bbox 1590 1124 1746 1223; x_wconf 80' lang='lat' dir='ltr'><strong>agimus,</strong></span> <span class='ocrx_word' id='word_1_33' title='bbox 1761 1128 1885 1200; x_wconf 82' lang='lat' dir='ltr'><strong>,totum</strong></span> <span class='ocrx_word' id='word_1_34' title='bbox 1904 1121 2098 1210; x_wconf 88' lang='lat' dir='ltr'><strong>hominem,</strong></span> <span class='ocrx_word' id='word_1_35' title='bbox 2119 1146 2239 1197; x_wconf 86' lang='lat' dir='ltr'><strong>omnes</strong></span> 
     </span>
     <span class='ocr_line' id='line_1_5' title="bbox 725 1238 2237 1344; baseline -0.005 -22"><span class='ocrx_word' id='word_1_36' title='bbox 725 1245 853 1322; x_wconf 88' lang='lat' dir='ltr'><strong>mentis</strong></span> <span class='ocrx_word' id='word_1_37' title='bbox 886 1245 1082 1344; x_wconf 81' lang='lat' dir='ltr'><strong>animique,</strong></span> <span class='ocrx_word' id='word_1_38' title='bbox 1115 1243 1245 1344; x_wconf 86' lang='lat' dir='ltr'><strong>quibus</strong></span> <span class='ocrx_word' id='word_1_39' title='bbox 1273 1243 1420 1342; x_wconf 84' lang='lat' dir='ltr'><strong>gaudet,</strong></span> <span class='ocrx_word' id='word_1_40' title='bbox 1456 1243 1574 1331; x_wconf 87' lang='lat' dir='ltr'><strong>dotes,</strong></span> <span class='ocrx_word' id='word_1_41' title='bbox 1608 1238 1843 1340; x_wconf 82' lang='lat' dir='ltr'><strong>intelligendi,</strong></span> <span class='ocrx_word' id='word_1_42' title='bbox 1878 1239 2068 1331; x_wconf 88' lang='lat' dir='ltr'><strong>sentiendi,</strong></span> <span class='ocrx_word' id='word_1_43' title='bbox 2102 1241 2237 1316; x_wconf 88' lang='lat' dir='ltr'><strong>volendi</strong></span> 
     </span>
     <span class='ocr_line' id='line_1_6' title="bbox 724 1358 2237 1465; baseline -0.003 -25"><span class='ocrx_word' id='word_1_44' title='bbox 724 1365 934 1440; x_wconf 77' lang='lat' dir='ltr'><strong>facultatem.</strong></span> <span class='ocrx_word' id='word_1_45' title='bbox 986 1365 1060 1444; x_wconf 83' lang='lat' dir='ltr'><strong>Qui</strong></span> <span class='ocrx_word' id='word_1_46' title='bbox 1082 1362 1271 1465; x_wconf 80' lang='lat' dir='ltr'><strong>Evangelio</strong></span> <span class='ocrx_word' id='word_1_47' title='bbox 1294 1361 1422 1450; x_wconf 85' lang='lat' dir='ltr'><strong>crodit,</strong></span> <span class='ocrx_word' id='word_1_48' title='bbox 1447 1386 1509 1463; x_wconf 91' lang='lat' dir='ltr'><strong>pro</strong></span> <span class='ocrx_word' id='word_1_49' title='bbox 1534 1387 1613 1436; x_wconf 89' lang='lat' dir='ltr'><strong>vero</strong></span> <span class='ocrx_word' id='word_1_50' title='bbox 1634 1362 1722 1436; x_wconf 90' lang='lat' dir='ltr'><strong>illud</strong></span> <span class='ocrx_word' id='word_1_51' title='bbox 1746 1358 1870 1447; x_wconf 88' lang='lat' dir='ltr'><strong>habet,</strong></span> <span class='ocrx_word' id='word_1_52' title='bbox 1895 1384 1958 1434; x_wconf 88' lang='lat' dir='ltr'><strong>nco</strong></span> <span class='ocrx_word' id='word_1_53' title='bbox 1981 1385 2044 1460; x_wconf 92' lang='lat' dir='ltr'><strong>pro</strong></span> <span class='ocrx_word' id='word_1_54' title='bbox 2064 1387 2142 1436; x_wconf 88' lang='lat' dir='ltr'><strong>vero</strong></span> <span class='ocrx_word' id='word_1_55' title='bbox 2162 1371 2237 1436; x_wconf 88' lang='lat' dir='ltr'><strong>tan·</strong></span> 
     </span>
     <span class='ocr_line' id='line_1_7' title="bbox 726 1479 2319 1584; baseline -0.001 -26"><span class='ocrx_word' id='word_1_56' title='bbox 726 1491 804 1559; x_wconf 87' lang='lat' dir='ltr'><strong>tum</strong></span> <span class='ocrx_word' id='word_1_57' title='bbox 827 1483 953 1571; x_wconf 89' lang='lat' dir='ltr'><strong>habet,</strong></span> <span class='ocrx_word' id='word_1_58' title='bbox 979 1484 1040 1558; x_wconf 89' lang='lat' dir='ltr'><strong>sed</strong></span> <span class='ocrx_word' id='word_1_59' title='bbox 1065 1484 1171 1558; x_wconf 82' lang='lat' dir='ltr'><strong>sentit</strong></span> <span class='ocrx_word' id='word_1_60' title='bbox 1193 1482 1314 1570; x_wconf 84' lang='lat' dir='ltr'><strong>etiam,</strong></span> <span class='ocrx_word' id='word_1_61' title='bbox 1341 1507 1377 1555; x_wconf 92' lang='lat' dir='ltr'><strong>se</strong></span> <span class='ocrx_word' id='word_1_62' title='bbox 1404 1482 1469 1557; x_wconf 89' lang='lat' dir='ltr'><strong>hoc</strong></span> <span class='ocrx_word' id='word_1_63' title='bbox 1494 1480 1681 1580; x_wconf 83' lang='lat' dir='ltr'><strong>Evangelio</strong></span> <span class='ocrx_word' id='word_1_64' title='bbox 1701 1479 1873 1582; x_wconf 77' lang='lat' dir='ltr'>indigere,</span> <span class='ocrx_word' id='word_1_65' title='bbox 1899 1480 2004 1554; x_wconf 81' lang='lat' dir='ltr'><strong>sentit</strong></span> <span class='ocrx_word' id='word_1_66' title='bbox 2023 1480 2128 1556; x_wconf 88' lang='lat' dir='ltr'><strong>etiam</strong></span> <span class='ocrx_word' id='word_1_67' title='bbox 2150 1483 2237 1556; x_wconf 86' lang='lat' dir='ltr'><strong>salu·</strong></span> <span class='ocrx_word' id='word_1_68' title='bbox 2315 1575 2319 1584; x_wconf 12' lang='grc' dir='ltr'><strong>ῃ</strong></span> 
     </span>
     <span class='ocr_line' id='line_1_8' title="bbox 726 1599 2237 1690; baseline -0.002 -13"><span class='ocrx_word' id='word_1_69' title='bbox 726 1609 837 1679; x_wconf 85' lang='lat' dir='ltr'><strong>tarem</strong></span> <span class='ocrx_word' id='word_1_70' title='bbox 871 1603 946 1676; x_wconf 87' lang='lat' dir='ltr'><strong>cius</strong></span> <span class='ocrx_word' id='word_1_71' title='bbox 978 1601 1048 1677; x_wconf 87' lang='lat' dir='ltr'><strong>vim</strong></span> <span class='ocrx_word' id='word_1_72' title='bbox 1080 1609 1115 1675; x_wconf 89' lang='lat' dir='ltr'><strong>et</strong></span> <span class='ocrx_word' id='word_1_73' title='bbox 1144 1601 1401 1690; x_wconf 86' lang='lat' dir='ltr'><strong>efficacitatem,</strong></span> <span class='ocrx_word' id='word_1_74' title='bbox 1433 1602 1482 1677; x_wconf 91' lang='lat' dir='ltr'><strong>ita</strong></span> <span class='ocrx_word' id='word_1_75' title='bbox 1507 1610 1548 1677; x_wconf 87' lang='lat' dir='ltr'><strong>ut</strong></span> <span class='ocrx_word' id='word_1_76' title='bbox 1573 1602 1731 1676; x_wconf 87' lang='lat' dir='ltr'><strong>voluntas</strong></span> <span class='ocrx_word' id='word_1_77' title='bbox 1754 1600 1829 1674; x_wconf 93' lang='lat' dir='ltr'><strong>eius</strong></span> <span class='ocrx_word' id='word_1_78' title='bbox 1851 1599 2010 1676; x_wconf 85' lang='lat' dir='ltr'><strong>flectatur</strong></span> <span class='ocrx_word' id='word_1_79' title='bbox 2031 1602 2076 1676; x_wconf 90' lang='lat' dir='ltr'><strong>ad</strong></span> <span class='ocrx_word' id='word_1_80' title='bbox 2101 1625 2237 1676; x_wconf 90' lang='lat' dir='ltr'><strong>omnem</strong></span> 
     </span>
     <span class='ocr_line' id='line_1_9' title="bbox 728 1719 2236 1820; baseline 0.001 -25"><span class='ocrx_word' id='word_1_81' title='bbox 728 1747 828 1796; x_wconf 88' lang='lat' dir='ltr'><strong>suam</strong></span> <span class='ocrx_word' id='word_1_82' title='bbox 853 1721 1018 1796; x_wconf 86' lang='lat' dir='ltr'><strong>fiduciam</strong></span> <span class='ocrx_word' id='word_1_83' title='bbox 1044 1721 1081 1794; x_wconf 92' lang='lat' dir='ltr'><strong>in</strong></span> <span class='ocrx_word' id='word_1_84' title='bbox 1104 1719 1282 1818; x_wconf 86' lang='lat' dir='ltr'><strong>promissis</strong></span> <span class='ocrx_word' id='word_1_85' title='bbox 1301 1722 1375 1794; x_wconf 89' lang='lat' dir='ltr'><strong>cius</strong></span> <span class='ocrx_word' id='word_1_86' title='bbox 1394 1721 1647 1820; x_wconf 85' lang='lat' dir='ltr'><strong>reponendam,</strong></span> <span class='ocrx_word' id='word_1_87' title='bbox 1672 1721 1847 1818; x_wconf 87' lang='lat' dir='ltr'><strong>vitamque</strong></span> <span class='ocrx_word' id='word_1_88' title='bbox 1866 1744 1965 1794; x_wconf 91' lang='lat' dir='ltr'><strong>susm</strong></span> <span class='ocrx_word' id='word_1_89' title='bbox 1985 1720 2124 1795; x_wconf 88' lang='lat' dir='ltr'><strong>adeius</strong></span> <span class='ocrx_word' id='word_1_90' title='bbox 2144 1745 2236 1820; x_wconf 85' lang='lat' dir='ltr'><strong>prac-</strong></span> 
     </span>
     <span class='ocr_line' id='line_1_10' title="bbox 725 1823 2239 1940; baseline -0.001 -25"><span class='ocrx_word' id='word_1_91' title='bbox 725 1849 826 1940; x_wconf 89' lang='lat' dir='ltr'><strong>cepta</strong></span> <span class='ocrx_word' id='word_1_92' title='bbox 862 1823 1122 1916; x_wconf 87' lang='lat' dir='ltr'><strong>instituendam.</strong></span> <span class='ocrx_word' id='word_1_93' title='bbox 1174 1840 1248 1918; x_wconf 86' lang='lat' dir='ltr'><strong>Qui</strong></span> <span class='ocrx_word' id='word_1_94' title='bbox 1284 1839 1448 1915; x_wconf 79' lang='lat' dir='ltr'><strong>Cumano</strong></span> <span class='ocrx_word' id='word_1_95' title='bbox 1480 1840 1606 1928; x_wconf 88' lang='lat' dir='ltr'><strong>credit,</strong></span> <span class='ocrx_word' id='word_1_96' title='bbox 1642 1840 1747 1914; x_wconf 84' lang='lat' dir='ltr'><strong>talem</strong></span> <span class='ocrx_word' id='word_1_97' title='bbox 1782 1862 1863 1913; x_wconf 93' lang='lat' dir='ltr'><strong>eum</strong></span> <span class='ocrx_word' id='word_1_98' title='bbox 1897 1838 2024 1930; x_wconf 89' lang='lat' dir='ltr'><strong>habet,</strong></span> <span class='ocrx_word' id='word_1_99' title='bbox 2057 1841 2169 1939; x_wconf 83' lang='lat' dir='ltr'><strong>qualis</strong></span> <span class='ocrx_word' id='word_1_100' title='bbox 2200 1840 2239 1914; x_wconf 80' lang='lat' dir='ltr'><strong>in&#39;</strong></span> 
     </span>
     <span class='ocr_line' id='line_1_11' title="bbox 615 1957 2237 2062; baseline 0.001 -28"><span class='ocrx_word' id='word_1_101' title='bbox 615 1977 625 1987; x_wconf 85' lang='grc'><em>·</em></span> <span class='ocrx_word' id='word_1_102' title='bbox 653 2053 658 2062; x_wconf 16' lang='lat'><strong><em>¹</em></strong></span> <span class='ocrx_word' id='word_1_103' title='bbox 727 1960 918 2058; x_wconf 83' lang='lat' dir='ltr'><strong>Evangelio</strong></span> <span class='ocrx_word' id='word_1_104' title='bbox 945 1957 1176 2047; x_wconf 80' lang='lat' dir='ltr'><strong>describitur,</strong></span> <span class='ocrx_word' id='word_1_105' title='bbox 1200 1961 1263 2034; x_wconf 89' lang='lat' dir='ltr'><strong>sed</strong></span> <span class='ocrx_word' id='word_1_106' title='bbox 1288 1959 1393 2034; x_wconf 83' lang='lat' dir='ltr'><strong>sentit</strong></span> <span class='ocrx_word' id='word_1_107' title='bbox 1415 1961 1541 2050; x_wconf 90' lang='lat' dir='ltr'><strong>etiam,</strong></span> <span class='ocrx_word' id='word_1_108' title='bbox 1575 1960 1639 2035; x_wconf 90' lang='lat' dir='ltr'><strong>hoc</strong></span> <span class='ocrx_word' id='word_1_109' title='bbox 1668 1960 1914 2034; x_wconf 85' lang='lat' dir='ltr'><strong>Conservatore</strong></span> <span class='ocrx_word' id='word_1_110' title='bbox 1940 1959 2008 2033; x_wconf 90' lang='lat' dir='ltr'><strong>sibi</strong></span> <span class='ocrx_word' id='word_1_111' title='bbox 2031 1985 2119 2058; x_wconf 86' lang='lat' dir='ltr'><strong>opus</strong></span> <span class='ocrx_word' id='word_1_112' title='bbox 2146 1986 2237 2049; x_wconf 87' lang='lat' dir='ltr'><strong>csse,</strong></span> 
     </span>
     <span class='ocr_line' id='line_1_12' title="bbox 633 2071 2239 2179; baseline 0 -27"><span class='ocrx_word' id='word_1_113' title='bbox 633 2071 639 2082; x_wconf 77' lang='grc'><strong>’</strong></span> <span class='ocrx_word' id='word_1_114' title='bbox 729 2081 767 2152; x_wconf 91' lang='lat' dir='ltr'><strong>in</strong></span> <span class='ocrx_word' id='word_1_115' title='bbox 795 2105 837 2154; x_wconf 90' lang='lat' dir='ltr'><strong>eo</strong></span> <span class='ocrx_word' id='word_1_116' title='bbox 859 2079 975 2154; x_wconf 92' lang='lat' dir='ltr'><strong>omnia</strong></span> <span class='ocrx_word' id='word_1_117' title='bbox 997 2078 1160 2167; x_wconf 90' lang='lat' dir='ltr'><strong>inveniri,</strong></span> <span class='ocrx_word' id='word_1_118' title='bbox 1185 2078 1315 2177; x_wconf 90' lang='lat' dir='ltr'><strong>quibus</strong></span> <span class='ocrx_word' id='word_1_119' title='bbox 1331 2080 1377 2154; x_wconf 89' lang='lat' dir='ltr'><strong>ad</strong></span> <span class='ocrx_word' id='word_1_120' title='bbox 1397 2081 1544 2155; x_wconf 90' lang='lat' dir='ltr'><strong>salutem</strong></span> <span class='ocrx_word' id='word_1_121' title='bbox 1566 2103 1681 2154; x_wconf 88' lang='lat' dir='ltr'><strong>veram</strong></span> <span class='ocrx_word' id='word_1_122' title='bbox 1704 2085 1948 2177; x_wconf 81' lang='lat' dir='ltr'><strong>aeternamque</strong></span> <span class='ocrx_word' id='word_1_123' title='bbox 1966 2081 2239 2179; x_wconf 86' lang='lat' dir='ltr'><strong>consequendam</strong></span> 
     </span>
     <span class='ocr_line' id='line_1_13' title="bbox 729 2198 2238 2298; baseline 0 -26"><span class='ocrx_word' id='word_1_124' title='bbox 729 2200 904 2298; x_wconf 83' lang='lat' dir='ltr'><strong>indigeat,</strong></span> <span class='ocrx_word' id='word_1_125' title='bbox 940 2206 1045 2297; x_wconf 85' lang='lat' dir='ltr'><strong>atque</strong></span> <span class='ocrx_word' id='word_1_126' title='bbox 1077 2199 1126 2272; x_wconf 86' lang='lat' dir='ltr'><strong>ita</strong></span> <span class='ocrx_word' id='word_1_127' title='bbox 1156 2223 1193 2272; x_wconf 91' lang='lat' dir='ltr'><strong>se</strong></span> <span class='ocrx_word' id='word_1_128' title='bbox 1215 2199 1248 2272; x_wconf 88' lang='lat' dir='ltr'><strong>ei</strong></span> <span class='ocrx_word' id='word_1_129' title='bbox 1275 2200 1435 2289; x_wconf 87' lang='lat' dir='ltr'><strong>confidit,</strong></span> <span class='ocrx_word' id='word_1_130' title='bbox 1465 2207 1577 2274; x_wconf 91' lang='lat' dir='ltr'><strong>totum</strong></span> <span class='ocrx_word' id='word_1_131' title='bbox 1604 2224 1641 2273; x_wconf 90' lang='lat' dir='ltr'><strong>se</strong></span> <span class='ocrx_word' id='word_1_132' title='bbox 1666 2199 1698 2273; x_wconf 89' lang='lat' dir='ltr'><strong>ei</strong></span> <span class='ocrx_word' id='word_1_133' title='bbox 1722 2198 1847 2286; x_wconf 88' lang='lat' dir='ltr'><strong>tradit,</strong></span> <span class='ocrx_word' id='word_1_134' title='bbox 1880 2198 2140 2298; x_wconf 83' lang='lat' dir='ltr'><strong>arctissimeque</strong></span> <span class='ocrx_word' id='word_1_135' title='bbox 2162 2224 2238 2272; x_wconf 91' lang='lat' dir='ltr'><strong>cum</strong></span> 
     </span>
     <span class='ocr_line' id='line_1_14' title="bbox 729 2316 2240 2418; baseline 0 -26"><span class='ocrx_word' id='word_1_136' title='bbox 729 2319 789 2392; x_wconf 92' lang='lat' dir='ltr'><strong>illo</strong></span> <span class='ocrx_word' id='word_1_137' title='bbox 810 2319 950 2392; x_wconf 89' lang='lat' dir='ltr'><strong>iunctus</strong></span> <span class='ocrx_word' id='word_1_138' title='bbox 971 2316 1126 2404; x_wconf 90' lang='lat' dir='ltr'><strong>vinculo,</strong></span> <span class='ocrx_word' id='word_1_139' title='bbox 1155 2318 1296 2418; x_wconf 87' lang='lat' dir='ltr'><strong>eodem,</strong></span> <span class='ocrx_word' id='word_1_140' title='bbox 1322 2343 1392 2418; x_wconf 93' lang='lat' dir='ltr'><strong>quo</strong></span> <span class='ocrx_word' id='word_1_141' title='bbox 1412 2319 1489 2408; x_wconf 87' lang='lat' dir='ltr'><strong>ille,</strong></span> <span class='ocrx_word' id='word_1_142' title='bbox 1515 2318 1648 2416; x_wconf 89' lang='lat' dir='ltr'><strong>Spiritu</strong></span> <span class='ocrx_word' id='word_1_143' title='bbox 1665 2317 1836 2391; x_wconf 88' lang='lat' dir='ltr'><strong>imbuitur</strong></span> <span class='ocrx_word' id='word_1_144' title='bbox 1857 2325 1893 2392; x_wconf 87' lang='lat' dir='ltr'><strong>et</strong></span> <span class='ocrx_word' id='word_1_145' title='bbox 1915 2318 2040 2416; x_wconf 83' lang='lat' dir='ltr'><strong>agitur.</strong></span> <span class='ocrx_word' id='word_1_146' title='bbox 2078 2321 2151 2398; x_wconf 86' lang='lat' dir='ltr'><strong>Qui</strong></span> <span class='ocrx_word' id='word_1_147' title='bbox 2170 2321 2240 2393; x_wconf 88' lang='lat' dir='ltr'><strong>Deo</strong></span> 
     </span>
     <span class='ocr_line' id='line_1_15' title="bbox 731 2436 2240 2538; baseline 0.003 -30"><span class='ocrx_word' id='word_1_148' title='bbox 731 2436 859 2525; x_wconf 87' lang='lat' dir='ltr'><strong>credit,</strong></span> <span class='ocrx_word' id='word_1_149' title='bbox 883 2436 1143 2526; x_wconf 88' lang='lat' dir='ltr'><strong>testimonium,</strong></span> <span class='ocrx_word' id='word_1_150' title='bbox 1167 2438 1263 2535; x_wconf 90' lang='lat' dir='ltr'><strong>quod</strong></span> <span class='ocrx_word' id='word_1_151' title='bbox 1286 2439 1367 2538; x_wconf 89' lang='lat' dir='ltr'><strong>Ipse</strong></span> <span class='ocrx_word' id='word_1_152' title='bbox 1395 2439 1600 2512; x_wconf 88' lang='lat' dir='ltr'><strong>testificatus</strong></span> <span class='ocrx_word' id='word_1_153' title='bbox 1624 2443 1678 2511; x_wconf 83' lang='lat' dir='ltr'><strong>cst</strong></span> <span class='ocrx_word' id='word_1_154' title='bbox 1701 2437 1745 2511; x_wconf 89' lang='lat' dir='ltr'><strong>de</strong></span> <span class='ocrx_word' id='word_1_155' title='bbox 1772 2462 1834 2512; x_wconf 91' lang='lat' dir='ltr'><strong>sua</strong></span> <span class='ocrx_word' id='word_1_156' title='bbox 1860 2461 1942 2536; x_wconf 83' lang='lat' dir='ltr'><strong>erga</strong></span> <span class='ocrx_word' id='word_1_157' title='bbox 1964 2462 2027 2512; x_wconf 91' lang='lat' dir='ltr'><strong>nos</strong></span> <span class='ocrx_word' id='word_1_158' title='bbox 2049 2439 2240 2527; x_wconf 84' lang='lat' dir='ltr'><strong>voluntate,</strong></span> 
     </span>
     <span class='ocr_line' id='line_1_16' title="bbox 729 2556 2241 2657; baseline 0.001 -27"><span class='ocrx_word' id='word_1_159' title='bbox 729 2558 766 2630; x_wconf 92' lang='lat' dir='ltr'><strong>in</strong></span> <span class='ocrx_word' id='word_1_160' title='bbox 800 2557 967 2630; x_wconf 83' lang='lat' dir='ltr'><strong>Cnnrsro</strong></span> <span class='ocrx_word' id='word_1_161' title='bbox 992 2557 1193 2654; x_wconf 86' lang='lat' dir='ltr'><strong>praesertim</strong></span> <span class='ocrx_word' id='word_1_162' title='bbox 1217 2557 1407 2654; x_wconf 86' lang='lat' dir='ltr'><strong>patefacta,</strong></span> <span class='ocrx_word' id='word_1_163' title='bbox 1441 2565 1476 2632; x_wconf 91' lang='lat' dir='ltr'><strong>et</strong></span> <span class='ocrx_word' id='word_1_164' title='bbox 1504 2582 1566 2657; x_wconf 91' lang='lat' dir='ltr'><strong>per</strong></span> <span class='ocrx_word' id='word_1_165' title='bbox 1593 2557 1821 2655; x_wconf 85' lang='lat' dir='ltr'><strong>Evangelium</strong></span> <span class='ocrx_word' id='word_1_166' title='bbox 1847 2556 2029 2634; x_wconf 90' lang='lat' dir='ltr'><strong>nobiscum</strong></span> <span class='ocrx_word' id='word_1_167' title='bbox 2055 2561 2241 2634; x_wconf 90' lang='lat' dir='ltr'><strong>communi-</strong></span> 
     </span>
     <span class='ocr_line' id='line_1_17' title="bbox 731 2673 2243 2778; baseline 0.003 -29"><span class='ocrx_word' id='word_1_168' title='bbox 731 2680 826 2763; x_wconf 89' lang='lat' dir='ltr'><strong>osta,</strong></span> <span class='ocrx_word' id='word_1_169' title='bbox 851 2673 1082 2749; x_wconf 88' lang='lat' dir='ltr'><strong>certissimum</strong></span> <span class='ocrx_word' id='word_1_170' title='bbox 1102 2674 1230 2764; x_wconf 86' lang='lat' dir='ltr'><strong>habet,</strong></span> <span class='ocrx_word' id='word_1_171' title='bbox 1256 2678 1318 2751; x_wconf 89' lang='lat' dir='ltr'><strong>scd</strong></span> <span class='ocrx_word' id='word_1_172' title='bbox 1336 2678 1441 2752; x_wconf 85' lang='lat' dir='ltr'><strong>sentit</strong></span> <span class='ocrx_word' id='word_1_173' title='bbox 1461 2677 1586 2766; x_wconf 88' lang='lat' dir='ltr'><strong>etium,</strong></span> <span class='ocrx_word' id='word_1_174' title='bbox 1609 2684 1827 2777; x_wconf 86' lang='lat' dir='ltr'><strong>peccatorum</strong></span> <span class='ocrx_word' id='word_1_175' title='bbox 1849 2677 2047 2753; x_wconf 87' lang='lat' dir='ltr'><strong>remissione</strong></span> <span class='ocrx_word' id='word_1_176' title='bbox 2070 2680 2138 2754; x_wconf 91' lang='lat' dir='ltr'><strong>sibi</strong></span> <span class='ocrx_word' id='word_1_177' title='bbox 2158 2705 2243 2778; x_wconf 89' lang='lat' dir='ltr'><strong>opus</strong></span> 
     </span>
     <span class='ocr_line' id='line_1_18' title="bbox 733 2793 2243 2899; baseline 0.004 -33"><span class='ocrx_word' id='word_1_178' title='bbox 733 2817 827 2881; x_wconf 87' lang='lat' dir='ltr'><strong>esse,</strong></span> <span class='ocrx_word' id='word_1_179' title='bbox 853 2793 958 2868; x_wconf 90' lang='lat' dir='ltr'><strong>sentit</strong></span> <span class='ocrx_word' id='word_1_180' title='bbox 974 2794 1100 2899; x_wconf 87' lang='lat' dir='ltr'><strong>etiam,</strong></span> <span class='ocrx_word' id='word_1_181' title='bbox 1120 2802 1251 2893; x_wconf 88' lang='lat' dir='ltr'><strong>quanto</strong></span> <span class='ocrx_word' id='word_1_182' title='bbox 1268 2797 1365 2872; x_wconf 88' lang='lat' dir='ltr'><strong>Deus</strong></span> <span class='ocrx_word' id='word_1_183' title='bbox 1382 2798 1499 2897; x_wconf 92' lang='lat' dir='ltr'><strong>ipsum</strong></span> <span class='ocrx_word' id='word_1_184' title='bbox 1513 2805 1714 2897; x_wconf 86' lang='lat' dir='ltr'><strong>prosecutus</strong></span> <span class='ocrx_word' id='word_1_185' title='bbox 1732 2797 1778 2870; x_wconf 93' lang='lat' dir='ltr'><strong>sit</strong></span> <span class='ocrx_word' id='word_1_186' title='bbox 1794 2820 1927 2884; x_wconf 86' lang='lat' dir='ltr'><strong>amore,</strong></span> <span class='ocrx_word' id='word_1_187' title='bbox 1947 2805 1983 2872; x_wconf 88' lang='lat' dir='ltr'><strong>et</strong></span> <span class='ocrx_word' id='word_1_188' title='bbox 1999 2823 2106 2896; x_wconf 89' lang='lat' dir='ltr'><strong>quam</strong></span> <span class='ocrx_word' id='word_1_189' title='bbox 2120 2799 2243 2897; x_wconf 78' lang='lat' dir='ltr'><strong>diguus</strong></span> 
     </span>
     <span class='ocr_line' id='line_1_19' title="bbox 732 2911 2243 3016; baseline 0.006 -32"><span class='ocrx_word' id='word_1_190' title='bbox 732 2912 798 2986; x_wconf 90' lang='lat' dir='ltr'><strong>Ille</strong></span> <span class='ocrx_word' id='word_1_191' title='bbox 825 2911 892 3000; x_wconf 90' lang='lat' dir='ltr'><strong>sit,</strong></span> <span class='ocrx_word' id='word_1_192' title='bbox 916 2913 953 2986; x_wconf 92' lang='lat' dir='ltr'><strong>in</strong></span> <span class='ocrx_word' id='word_1_193' title='bbox 978 2938 1049 3011; x_wconf 94' lang='lat' dir='ltr'><strong>quo</strong></span> <span class='ocrx_word' id='word_1_194' title='bbox 1072 2937 1210 2989; x_wconf 89' lang='lat' dir='ltr'><strong>omnem</strong></span> <span class='ocrx_word' id='word_1_195' title='bbox 1235 2941 1334 2990; x_wconf 89' lang='lat' dir='ltr'><strong>suam</strong></span> <span class='ocrx_word' id='word_1_196' title='bbox 1356 2915 1519 2991; x_wconf 86' lang='lat' dir='ltr'><strong>fiduciam</strong></span> <span class='ocrx_word' id='word_1_197' title='bbox 1540 2924 1698 3016; x_wconf 86' lang='lat' dir='ltr'><strong>reponst;</strong></span> <span class='ocrx_word' id='word_1_198' title='bbox 1723 2923 1906 3014; x_wconf 89' lang='lat' dir='ltr'><strong>totumque</strong></span> <span class='ocrx_word' id='word_1_199' title='bbox 1929 2939 1965 2991; x_wconf 92' lang='lat' dir='ltr'><strong>se</strong></span> <span class='ocrx_word' id='word_1_200' title='bbox 1986 2918 2031 2991; x_wconf 86' lang='lat' dir='ltr'><strong>Ei</strong></span> <span class='ocrx_word' id='word_1_201' title='bbox 2047 2918 2175 3007; x_wconf 90' lang='lat' dir='ltr'><strong>tradit,</strong></span> <span class='ocrx_word' id='word_1_202' title='bbox 2195 2929 2243 3006; x_wconf 88' lang='lat' dir='ltr'><strong>ct,</strong></span> 
     </span>
     <span class='ocr_line' id='line_1_20' title="bbox 732 3031 2244 3134; baseline 0.003 -29"><span class='ocrx_word' id='word_1_203' title='bbox 732 3037 774 3105; x_wconf 91' lang='lat' dir='ltr'><strong>ut</strong></span> <span class='ocrx_word' id='word_1_204' title='bbox 798 3031 891 3106; x_wconf 88' lang='lat' dir='ltr'><strong>filius</strong></span> <span class='ocrx_word' id='word_1_205' title='bbox 912 3056 994 3107; x_wconf 88' lang='lat' dir='ltr'><strong>cum</strong></span> <span class='ocrx_word' id='word_1_206' title='bbox 1014 3040 1129 3131; x_wconf 89' lang='lat' dir='ltr'><strong>patre,</strong></span> <span class='ocrx_word' id='word_1_207' title='bbox 1155 3033 1204 3108; x_wconf 92' lang='lat' dir='ltr'><strong>sic</strong></span> <span class='ocrx_word' id='word_1_208' title='bbox 1224 3035 1415 3111; x_wconf 89' lang='lat' dir='ltr'><strong>arctissimo</strong></span> <span class='ocrx_word' id='word_1_209' title='bbox 1439 3061 1521 3110; x_wconf 90' lang='lat' dir='ltr'><strong>cum</strong></span> <span class='ocrx_word' id='word_1_210' title='bbox 1543 3037 1619 3111; x_wconf 88' lang='lat' dir='ltr'><strong>Deo</strong></span> <span class='ocrx_word' id='word_1_211' title='bbox 1643 3035 1800 3134; x_wconf 84' lang='lat' dir='ltr'><strong>iungitur</strong></span> <span class='ocrx_word' id='word_1_212' title='bbox 1827 3035 1986 3124; x_wconf 86' lang='lat' dir='ltr'><strong>vinculo,</strong></span> <span class='ocrx_word' id='word_1_213' title='bbox 2016 3038 2066 3114; x_wconf 87' lang='lat' dir='ltr'><strong>ita</strong></span> <span class='ocrx_word' id='word_1_214' title='bbox 2089 3047 2129 3110; x_wconf 92' lang='lat' dir='ltr'><strong>ut</strong></span> <span class='ocrx_word' id='word_1_215' title='bbox 2153 3039 2244 3111; x_wconf 92' lang='lat' dir='ltr'><strong>idem</strong></span> 
     </span>
     <span class='ocr_line' id='line_1_21' title="bbox 736 3153 2245 3257; baseline 0.005 -32"><span class='ocrx_word' id='word_1_216' title='bbox 736 3158 842 3251; x_wconf 87' lang='lat' dir='ltr'><strong>atque</strong></span> <span class='ocrx_word' id='word_1_217' title='bbox 863 3153 928 3226; x_wconf 89' lang='lat' dir='ltr'><strong>llle</strong></span> <span class='ocrx_word' id='word_1_218' title='bbox 961 3153 1064 3242; x_wconf 87' lang='lat' dir='ltr'><strong>velit,</strong></span> <span class='ocrx_word' id='word_1_219' title='bbox 1097 3160 1275 3253; x_wconf 82' lang='lat' dir='ltr'><strong>totamque</strong></span> <span class='ocrx_word' id='word_1_220' title='bbox 1299 3180 1398 3230; x_wconf 91' lang='lat' dir='ltr'><strong>suam</strong></span> <span class='ocrx_word' id='word_1_221' title='bbox 1419 3156 1525 3231; x_wconf 87' lang='lat' dir='ltr'><strong>vitam</strong></span> <span class='ocrx_word' id='word_1_222' title='bbox 1547 3157 1593 3230; x_wconf 85' lang='lat' dir='ltr'><strong>ad</strong></span> <span class='ocrx_word' id='word_1_223' title='bbox 1615 3155 1716 3230; x_wconf 87' lang='lat' dir='ltr'><strong>Illius</strong></span> <span class='ocrx_word' id='word_1_224' title='bbox 1739 3154 1951 3229; x_wconf 88' lang='lat' dir='ltr'><strong>voluntatem</strong></span> <span class='ocrx_word' id='word_1_225' title='bbox 1975 3157 2013 3230; x_wconf 91' lang='lat' dir='ltr'><strong>in</strong></span> <span class='ocrx_word' id='word_1_226' title='bbox 2039 3157 2113 3231; x_wconf 88' lang='lat' dir='ltr'><strong>dies</strong></span> <span class='ocrx_word' id='word_1_227' title='bbox 2137 3159 2245 3257; x_wconf 86' lang='lat' dir='ltr'><strong>magis</strong></span> 
     </span>
     <span class='ocr_line' id='line_1_22' title="bbox 733 3271 2245 3376; baseline 0.004 -32"><span class='ocrx_word' id='word_1_228' title='bbox 733 3271 915 3371; x_wconf 83' lang='lat' dir='ltr'><strong>magisque</strong></span> <span class='ocrx_word' id='word_1_229' title='bbox 947 3296 1150 3373; x_wconf 89' lang='lat' dir='ltr'><strong>componere</strong></span> <span class='ocrx_word' id='word_1_230' title='bbox 1187 3275 1334 3351; x_wconf 87' lang='lat' dir='ltr'><strong>studeat.</strong></span> <span class='ocrx_word' id='word_1_231' title='bbox 1390 3275 1504 3350; x_wconf 92' lang='lat' dir='ltr'><strong>Iidem</strong></span> <span class='ocrx_word' id='word_1_232' title='bbox 1536 3283 1653 3352; x_wconf 89' lang='lat' dir='ltr'><strong>tamen</strong></span> <span class='ocrx_word' id='word_1_233' title='bbox 1688 3273 1950 3364; x_wconf 80' lang='lat' dir='ltr'><strong>contendimus,</strong></span> <span class='ocrx_word' id='word_1_234' title='bbox 1985 3277 2175 3376; x_wconf 88' lang='lat' dir='ltr'><strong>principem</strong></span> <span class='ocrx_word' id='word_1_235' title='bbox 2212 3287 2245 3350; x_wconf 91' lang='lat' dir='ltr'><strong>et</strong></span> 
     </span>
     <span class='ocr_line' id='line_1_23' title="bbox 731 3391 2244 3497; baseline 0.005 -33"><span class='ocrx_word' id='word_1_236' title='bbox 731 3391 906 3491; x_wconf 87' lang='lat' dir='ltr'><strong>propriam</strong></span> <span class='ocrx_word' id='word_1_237' title='bbox 930 3392 1012 3466; x_wconf 90' lang='lat' dir='ltr'><strong>fidei</strong></span> <span class='ocrx_word' id='word_1_238' title='bbox 1035 3393 1251 3468; x_wconf 87' lang='lat' dir='ltr'><strong>Christianae</strong></span> <span class='ocrx_word' id='word_1_239' title='bbox 1278 3395 1394 3469; x_wconf 89' lang='lat' dir='ltr'><strong>sedem</strong></span> <span class='ocrx_word' id='word_1_240' title='bbox 1422 3419 1496 3470; x_wconf 87' lang='lat' dir='ltr'><strong>esse</strong></span> <span class='ocrx_word' id='word_1_241' title='bbox 1519 3393 1557 3468; x_wconf 92' lang='lat' dir='ltr'><strong>in</strong></span> <span class='ocrx_word' id='word_1_242' title='bbox 1585 3395 1710 3470; x_wconf 88' lang='lat' dir='ltr'><strong>animo.</strong></span> <span class='ocrx_word' id='word_1_243' title='bbox 1761 3394 1868 3474; x_wconf 85' lang='lat' dir='ltr'><strong>Quod</strong></span> <span class='ocrx_word' id='word_1_244' title='bbox 1895 3396 2034 3471; x_wconf 88' lang='lat' dir='ltr'><strong>abunde</strong></span> <span class='ocrx_word' id='word_1_245' title='bbox 2057 3405 2154 3497; x_wconf 88' lang='lat' dir='ltr'><strong>patet</strong></span> <span class='ocrx_word' id='word_1_246' title='bbox 2169 3401 2244 3495; x_wconf 85' lang='lat' dir='ltr'><strong>pri-</strong></span> 
     </span>
     <span class='ocr_line' id='line_1_24' title="bbox 730 3512 2244 3613; baseline 0.004 -29"><span class='ocrx_word' id='word_1_247' title='bbox 730 3536 829 3585; x_wconf 79' lang='lat' dir='ltr'><strong>mum·</strong></span> <span class='ocrx_word' id='word_1_248' title='bbox 848 3537 891 3586; x_wconf 81' lang='lat' dir='ltr'><strong>ex</strong></span> <span class='ocrx_word' id='word_1_249' title='bbox 919 3512 995 3610; x_wconf 88' lang='lat' dir='ltr'><strong>ipso</strong></span> <span class='ocrx_word' id='word_1_250' title='bbox 1019 3512 1276 3602; x_wconf 76' lang='lat' dir='ltr'><strong>fidei&#39;obiecto,</strong></span> <span class='ocrx_word' id='word_1_251' title='bbox 1311 3515 1440 3613; x_wconf 89' lang='lat' dir='ltr'><strong>quippe</strong></span> <span class='ocrx_word' id='word_1_252' title='bbox 1467 3514 1561 3612; x_wconf 92' lang='lat' dir='ltr'><strong>quod</strong></span> <span class='ocrx_word' id='word_1_253' title='bbox 1589 3513 1758 3588; x_wconf 89' lang='lat' dir='ltr'><strong>eiusmodi</strong></span> <span class='ocrx_word' id='word_1_254' title='bbox 1783 3515 1847 3601; x_wconf 90' lang='lat' dir='ltr'><strong>sit,</strong></span> <span class='ocrx_word' id='word_1_255' title='bbox 1880 3521 1921 3592; x_wconf 89' lang='lat' dir='ltr'><strong>ut</strong></span> <span class='ocrx_word' id='word_1_256' title='bbox 1942 3515 2030 3590; x_wconf 90' lang='lat' dir='ltr'><strong>fides</strong></span> <span class='ocrx_word' id='word_1_257' title='bbox 2052 3516 2105 3589; x_wconf 93' lang='lat' dir='ltr'><strong>illi</strong></span> <span class='ocrx_word' id='word_1_258' title='bbox 2131 3515 2244 3590; x_wconf 89' lang='lat' dir='ltr'><strong>habita</strong></span> 
     </span>
     <span class='ocr_line' id='line_1_25' title="bbox 731 3624 2243 3734; baseline 0.003 -30"><span class='ocrx_word' id='word_1_259' title='bbox 731 3653 800 3705; x_wconf 93' lang='lat' dir='ltr'><strong>non</strong></span> <span class='ocrx_word' id='word_1_260' title='bbox 826 3654 896 3705; x_wconf 84' lang='lat' dir='ltr'><strong>una</strong></span> <span class='ocrx_word' id='word_1_261' title='bbox 916 3633 1044 3706; x_wconf 86' lang='lat' dir='ltr'><strong>mentis</strong></span> <span class='ocrx_word' id='word_1_262' title='bbox 1069 3634 1290 3732; x_wconf 87' lang='lat' dir='ltr'><strong>persuasione</strong></span> <span class='ocrx_word' id='word_1_263' title='bbox 1313 3624 1529 3722; x_wconf 89' lang='lat' dir='ltr'><strong>absolvatur,</strong></span> <span class='ocrx_word' id='word_1_264' title='bbox 1563 3634 1625 3708; x_wconf 88' lang='lat' dir='ltr'><strong>sed</strong></span> <span class='ocrx_word' id='word_1_265' title='bbox 1649 3634 1813 3709; x_wconf 89' lang='lat' dir='ltr'><strong>fiduciam</strong></span> <span class='ocrx_word' id='word_1_266' title='bbox 1843 3634 1967 3723; x_wconf 87' lang='lat' dir='ltr'><strong>etiam,</strong></span> <span class='ocrx_word' id='word_1_267' title='bbox 2001 3643 2036 3709; x_wconf 92' lang='lat' dir='ltr'><strong>et</strong></span> <span class='ocrx_word' id='word_1_268' title='bbox 2060 3637 2148 3710; x_wconf 87' lang='lat' dir='ltr'><strong>hanc</strong></span> <span class='ocrx_word' id='word_1_269' title='bbox 2171 3637 2243 3734; x_wconf 91' lang='lat' dir='ltr'><strong>qni·</strong></span> 
     </span>
     <span class='ocr_line' id='line_1_26' title="bbox 733 3751 2242 3859; baseline 0.004 -37"><span class='ocrx_word' id='word_1_270' title='bbox 733 3751 815 3823; x_wconf 89' lang='lat' dir='ltr'><strong>dem</strong></span> <span class='ocrx_word' id='word_1_271' title='bbox 839 3751 1039 3847; x_wconf 84' lang='lat' dir='ltr'><strong>praesertim</strong></span> <span class='ocrx_word' id='word_1_272' title='bbox 1062 3753 1223 3850; x_wconf 87' lang='lat' dir='ltr'><strong>requirat.</strong></span> <span class='ocrx_word' id='word_1_273' title='bbox 1275 3753 1440 3826; x_wconf 87' lang='lat' dir='ltr'><strong>Continet</strong></span> <span class='ocrx_word' id='word_1_274' title='bbox 1460 3752 1554 3826; x_wconf 90' lang='lat' dir='ltr'><strong>enim</strong></span> <span class='ocrx_word' id='word_1_275' title='bbox 1579 3753 1745 3826; x_wconf 91' lang='lat' dir='ltr'><strong>nuncium</strong></span> <span class='ocrx_word' id='word_1_276' title='bbox 1769 3753 1978 3859; x_wconf 84' lang='lat' dir='ltr'><strong>salutarem,</strong></span> <span class='ocrx_word' id='word_1_277' title='bbox 2003 3757 2171 3853; x_wconf 85' lang='lat' dir='ltr'><strong>promissa</strong></span> <span class='ocrx_word' id='word_1_278' title='bbox 2194 3756 2242 3828; x_wconf 92' lang='lat' dir='ltr'><strong>di-</strong></span> 
     </span>
     <span class='ocr_line' id='line_1_27' title="bbox 734 3866 2241 3975; baseline 0.005 -34"><span class='ocrx_word' id='word_1_279' title='bbox 734 3867 864 3941; x_wconf 89' lang='lat' dir='ltr'><strong>vinitus</strong></span> <span class='ocrx_word' id='word_1_280' title='bbox 887 3866 988 3940; x_wconf 93' lang='lat' dir='ltr'><strong>nobis</strong></span> <span class='ocrx_word' id='word_1_281' title='bbox 1009 3869 1116 3959; x_wconf 88' lang='lat' dir='ltr'><strong>lacta,</strong></span> <span class='ocrx_word' id='word_1_282' title='bbox 1142 3872 1405 3946; x_wconf 88' lang='lat' dir='ltr'><strong>declarationem</strong></span> <span class='ocrx_word' id='word_1_283' title='bbox 1425 3872 1494 3946; x_wconf 90' lang='lat' dir='ltr'><strong>Dei</strong></span> <span class='ocrx_word' id='word_1_284' title='bbox 1511 3872 1737 3971; x_wconf 83' lang='lat' dir='ltr'><strong>Onnrsnrquc</strong></span> <span class='ocrx_word' id='word_1_285' title='bbox 1759 3898 1841 3974; x_wconf 84' lang='lat' dir='ltr'><strong>erga</strong></span> <span class='ocrx_word' id='word_1_286' title='bbox 1858 3900 1921 3950; x_wconf 89' lang='lat' dir='ltr'><strong>nos</strong></span> <span class='ocrx_word' id='word_1_287' title='bbox 1939 3877 2075 3951; x_wconf 88' lang='lat' dir='ltr'><strong>amoris.</strong></span> <span class='ocrx_word' id='word_1_288' title='bbox 2108 3878 2241 3975; x_wconf 85' lang='lat' dir='ltr'><strong>Spectat</strong></span> 
     </span>
     <span class='ocr_line' id='line_1_28' title="bbox 734 3987 2241 4095; baseline 0.007 -37"><span class='ocrx_word' id='word_1_289' title='bbox 734 3987 1040 4075; x_wconf 87' lang='lat' dir='ltr'><strong>Conservatorem,</strong></span> <span class='ocrx_word' id='word_1_290' title='bbox 1074 3990 1136 4086; x_wconf 92' lang='lat' dir='ltr'><strong>qui</strong></span> <span class='ocrx_word' id='word_1_291' title='bbox 1170 3991 1242 4065; x_wconf 86' lang='lat' dir='ltr'><strong>vita</strong></span> <span class='ocrx_word' id='word_1_292' title='bbox 1270 3999 1408 4066; x_wconf 86' lang='lat' dir='ltr'><strong>aeterna</strong></span> <span class='ocrx_word' id='word_1_293' title='bbox 1437 3992 1687 4090; x_wconf 89' lang='lat' dir='ltr'><strong>omnibusque,</strong></span> <span class='ocrx_word' id='word_1_294' title='bbox 1718 3988 1806 4092; x_wconf 85' lang='lat' dir='ltr'><strong>quae</strong></span> <span class='ocrx_word' id='word_1_295' title='bbox 1839 3994 1914 4094; x_wconf 88' lang='lat' dir='ltr'><strong>ipae</strong></span> <span class='ocrx_word' id='word_1_296' title='bbox 1941 3997 2114 4095; x_wconf 89' lang='lat' dir='ltr'><strong>possidet,</strong></span> <span class='ocrx_word' id='word_1_297' title='bbox 2147 3995 2241 4070; x_wconf 90' lang='lat' dir='ltr'><strong>bonis</strong></span> 
     </span>
    </p>
   </div>
   <div class='ocr_carea' id='block_1_3' title="bbox 678 4106 2266 4216">
    <p class='ocr_par' dir='ltr' id='par_1_3' title="bbox 678 4071 2404 4222">
     <span class='ocr_line' id='line_1_29' title="bbox 678 4106 2266 4216; baseline 0.008 -38"><span class='ocrx_word' id='word_1_298' title='bbox 678 4114 682 4120; x_wconf 85' lang='grc'><strong>’</strong></span> <span class='ocrx_word' id='word_1_299' title='bbox 733 4130 798 4180; x_wconf 91' lang='lat' dir='ltr'><strong>nos</strong></span> <span class='ocrx_word' id='word_1_300' title='bbox 821 4106 948 4182; x_wconf 90' lang='lat' dir='ltr'><strong>donare</strong></span> <span class='ocrx_word' id='word_1_301' title='bbox 971 4107 1062 4180; x_wconf 89' lang='lat' dir='ltr'><strong>velit.</strong></span> <span class='ocrx_word' id='word_1_302' title='bbox 1099 4109 1267 4184; x_wconf 83' lang='lat' dir='ltr'><strong>Patefecit</strong></span> <span class='ocrx_word' id='word_1_303' title='bbox 1291 4109 1408 4186; x_wconf 91' lang='lat' dir='ltr'><strong>Deum</strong></span> <span class='ocrx_word' id='word_1_304' title='bbox 1432 4111 1655 4200; x_wconf 87' lang='lat' dir='ltr'><strong>benevolum,</strong></span> <span class='ocrx_word' id='word_1_305' title='bbox 1680 4113 1725 4187; x_wconf 90' lang='lat' dir='ltr'><strong>ad</strong></span> <span class='ocrx_word' id='word_1_306' title='bbox 1747 4114 1954 4190; x_wconf 89' lang='lat' dir='ltr'><strong>remittenda</strong></span> <span class='ocrx_word' id='word_1_307' title='bbox 1972 4126 2113 4216; x_wconf 88' lang='lat' dir='ltr'><strong>peccata</strong></span> <span class='ocrx_word' id='word_1_308' title='bbox 2130 4123 2266 4192; x_wconf 84' lang='lat' dir='ltr'><strong>nostra¹</strong></span> 
     </span>
    </p>
   </div>
   <div class='ocr_carea' id='block_1_4' title="bbox 726 4226 2239 4933">
    <p class='ocr_par' dir='ltr' id='par_1_4' title="bbox 726 4226 2239 4933">
     <span class='ocr_line' id='line_1_30' title="bbox 728 4226 2237 4326; baseline 0.005 -27"><span class='ocrx_word' id='word_1_309' title='bbox 728 4226 937 4326; x_wconf 89' lang='lat' dir='ltr'><strong>proclivem,</strong></span> <span class='ocrx_word' id='word_1_310' title='bbox 961 4227 1102 4301; x_wconf 91' lang='lat' dir='ltr'><strong>Patrem</strong></span> <span class='ocrx_word' id='word_1_311' title='bbox 1124 4229 1442 4306; x_wconf 86' lang='lat' dir='ltr'><strong>clementissimum.</strong></span> <span class='ocrx_word' id='word_1_312' title='bbox 1494 4233 1595 4310; x_wconf 86' lang='lat' dir='ltr'><strong>Quae</strong></span> <span class='ocrx_word' id='word_1_313' title='bbox 1616 4231 1925 4310; x_wconf 80' lang='lat' dir='ltr'><strong>omniaei&#39;usmodi</strong></span> <span class='ocrx_word' id='word_1_314' title='bbox 1943 4244 2050 4324; x_wconf 87' lang='lat' dir='ltr'><strong>sunt,</strong></span> <span class='ocrx_word' id='word_1_315' title='bbox 2077 4243 2116 4310; x_wconf 92' lang='lat' dir='ltr'><strong>ut</strong></span> <span class='ocrx_word' id='word_1_316' title='bbox 2134 4237 2163 4310; x_wconf 92' lang='lat' dir='ltr'><strong>is</strong></span> <span class='ocrx_word' id='word_1_317' title='bbox 2183 4235 2237 4308; x_wconf 89' lang='lat' dir='ltr'><strong>de·</strong></span> 
     </span>
     <span class='ocr_line' id='line_1_31' title="bbox 728 4347 2237 4454; baseline 0.007 -34"><span class='ocrx_word' id='word_1_318' title='bbox 728 4370 826 4420; x_wconf 93' lang='lat' dir='ltr'><strong>mum</strong></span> <span class='ocrx_word' id='word_1_319' title='bbox 849 4368 930 4420; x_wconf 78' lang='lat' dir='ltr'><strong>uere</strong></span> <span class='ocrx_word' id='word_1_320' title='bbox 955 4347 1092 4423; x_wconf 87' lang='lat' dir='ltr'><strong>credere</strong></span> <span class='ocrx_word' id='word_1_321' title='bbox 1115 4349 1159 4423; x_wconf 95' lang='lat' dir='ltr'><strong>iis</strong></span> <span class='ocrx_word' id='word_1_322' title='bbox 1185 4350 1254 4425; x_wconf 90' lang='lat' dir='ltr'><strong>dici</strong></span> <span class='ocrx_word' id='word_1_323' title='bbox 1275 4351 1402 4450; x_wconf 84' lang='lat' dir='ltr'><strong>possit,</strong></span> <span class='ocrx_word' id='word_1_324' title='bbox 1436 4351 1498 4450; x_wconf 91' lang='lat' dir='ltr'><strong>qui</strong></span> <span class='ocrx_word' id='word_1_325' title='bbox 1527 4353 1610 4426; x_wconf 87' lang='lat' dir='ltr'><strong>haec</strong></span> <span class='ocrx_word' id='word_1_326' title='bbox 1638 4351 1728 4428; x_wconf 87' lang='lat' dir='ltr'><strong>bona</strong></span> <span class='ocrx_word' id='word_1_327' title='bbox 1757 4353 1949 4443; x_wconf 90' lang='lat' dir='ltr'><strong>desideret,</strong></span> <span class='ocrx_word' id='word_1_328' title='bbox 1973 4357 2143 4454; x_wconf 89' lang='lat' dir='ltr'><strong>cuiusque</strong></span> <span class='ocrx_word' id='word_1_329' title='bbox 2170 4355 2237 4430; x_wconf 87' lang='lat' dir='ltr'><strong>sni·</strong></span> 
     </span>
     <span class='ocr_line' id='line_1_32' title="bbox 726 4466 2236 4575; baseline 0.004 -35"><span class='ocrx_word' id='word_1_330' title='bbox 726 4492 806 4540; x_wconf 91' lang='lat' dir='ltr'><strong>mus</strong></span> <span class='ocrx_word' id='word_1_331' title='bbox 832 4466 961 4541; x_wconf 90' lang='lat' dir='ltr'><strong>fiducia</strong></span> <span class='ocrx_word' id='word_1_332' title='bbox 986 4467 1031 4541; x_wconf 91' lang='lat' dir='ltr'><strong>sit</strong></span> <span class='ocrx_word' id='word_1_333' title='bbox 1054 4468 1229 4567; x_wconf 91' lang='lat' dir='ltr'><strong>impletus.</strong></span> <span class='ocrx_word' id='word_1_334' title='bbox 1280 4473 1415 4546; x_wconf 82' lang='lat' dir='ltr'><strong>Deinde</strong></span> <span class='ocrx_word' id='word_1_335' title='bbox 1438 4472 1525 4544; x_wconf 87' lang='lat' dir='ltr'><strong>fides</strong></span> <span class='ocrx_word' id='word_1_336' title='bbox 1552 4495 1573 4545; x_wconf 89' lang='lat' dir='ltr'><strong>a</strong></span> <span class='ocrx_word' id='word_1_337' title='bbox 1598 4471 1763 4547; x_wconf 78' lang='lat' dir='ltr'><strong>Cumano</strong></span> <span class='ocrx_word' id='word_1_338' title='bbox 1787 4481 1822 4547; x_wconf 88' lang='lat' dir='ltr'><strong>et</strong></span> <span class='ocrx_word' id='word_1_339' title='bbox 1845 4474 2021 4575; x_wconf 84' lang='lat' dir='ltr'><strong>Apostolis</strong></span> <span class='ocrx_word' id='word_1_340' title='bbox 2045 4475 2094 4550; x_wconf 88' lang='lat' dir='ltr'><strong>ita</strong></span> <span class='ocrx_word' id='word_1_341' title='bbox 2118 4474 2236 4547; x_wconf 87' lang='lat' dir='ltr'><strong>descri-</strong></span> 
     </span>
     <span class='ocr_line' id='line_1_33' title="bbox 726 4583 2239 4708; baseline 0.005 -52"><span class='ocrx_word' id='word_1_342' title='bbox 726 4583 838 4671; x_wconf 91' lang='lat' dir='ltr'><strong>bitur,</strong></span> <span class='ocrx_word' id='word_1_343' title='bbox 859 4594 898 4656; x_wconf 93' lang='lat' dir='ltr'><strong>ut</strong></span> <span class='ocrx_word' id='word_1_344' title='bbox 917 4583 1100 4681; x_wconf 85' lang='lat' dir='ltr'><strong>cogitanda</strong></span> <span class='ocrx_word' id='word_1_345' title='bbox 1119 4587 1165 4660; x_wconf 88' lang='lat' dir='ltr'><strong>sit</strong></span> <span class='ocrx_word' id='word_1_346' title='bbox 1182 4613 1240 4677; x_wconf 89' lang='lat' dir='ltr'><strong>ea,</strong></span> <span class='ocrx_word' id='word_1_347' title='bbox 1258 4612 1347 4686; x_wconf 88' lang='lat' dir='ltr'><strong>quae</strong></span> <span class='ocrx_word' id='word_1_348' title='bbox 1365 4588 1520 4708; x_wconf 80' lang='lat' dir='ltr'><strong>nnimpm</strong></span> <span class='ocrx_word' id='word_1_349' title='bbox 1536 4589 1680 4680; x_wconf 89' lang='lat' dir='ltr'><strong>afficiat,</strong></span> <span class='ocrx_word' id='word_1_350' title='bbox 1700 4617 1867 4695; x_wconf 87' lang='lat' dir='ltr'><strong>suamque</strong></span> <span class='ocrx_word' id='word_1_351' title='bbox 1886 4595 1956 4668; x_wconf 84' lang='lat' dir='ltr'><strong>vim</strong></span> <span class='ocrx_word' id='word_1_352' title='bbox 1971 4593 2010 4669; x_wconf 90' lang='lat' dir='ltr'><strong>in</strong></span> <span class='ocrx_word' id='word_1_353' title='bbox 2027 4593 2239 4669; x_wconf 86' lang='lat' dir='ltr'><strong>consolandis</strong></span> 
     </span>
     <span class='ocr_line' id='line_1_34' title="bbox 726 4702 2237 4806; baseline 0.007 -32"><span class='ocrx_word' id='word_1_354' title='bbox 726 4702 828 4775; x_wconf 88' lang='lat' dir='ltr'><strong>nobis</strong></span> <span class='ocrx_word' id='word_1_355' title='bbox 851 4713 886 4774; x_wconf 87' lang='lat' dir='ltr'><strong>et</strong></span> <span class='ocrx_word' id='word_1_356' title='bbox 909 4702 1134 4779; x_wconf 89' lang='lat' dir='ltr'><strong>emendandis</strong></span> <span class='ocrx_word' id='word_1_357' title='bbox 1153 4706 1346 4806; x_wconf 85' lang='lat' dir='ltr'><strong>patefaciat.</strong></span> <span class='ocrx_word' id='word_1_358' title='bbox 1381 4707 1590 4806; x_wconf 82' lang='lat' dir='ltr'><strong>loquuntur</strong></span> <span class='ocrx_word' id='word_1_359' title='bbox 1608 4710 1702 4786; x_wconf 89' lang='lat' dir='ltr'><strong>enim</strong></span> <span class='ocrx_word' id='word_1_360' title='bbox 1719 4714 1764 4786; x_wconf 90' lang='lat' dir='ltr'><strong>de</strong></span> <span class='ocrx_word' id='word_1_361' title='bbox 1780 4713 1871 4802; x_wconf 87' lang='lat' dir='ltr'><strong>fide,</strong></span> <span class='ocrx_word' id='word_1_362' title='bbox 1893 4715 1992 4789; x_wconf 88' lang='lat' dir='ltr'><strong>cuins</strong></span> <span class='ocrx_word' id='word_1_363' title='bbox 2010 4714 2144 4789; x_wconf 86' lang='lat' dir='ltr'><strong>fructus</strong></span> <span class='ocrx_word' id='word_1_364' title='bbox 2160 4721 2237 4786; x_wconf 88' lang='lat' dir='ltr'><strong>sunt</strong></span> 
     </span>
     <span class='ocr_line' id='line_1_35' title="bbox 726 4819 2235 4933; baseline 0.007 -38"><span class='ocrx_word' id='word_1_365' title='bbox 726 4829 844 4896; x_wconf 88' lang='lat' dir='ltr'><strong>nostra</strong></span> <span class='ocrx_word' id='word_1_366' title='bbox 866 4819 1096 4915; x_wconf 77' lang='grc' dir='ltr'><strong><em>δικαιοσύνη</em></strong></span> <span class='ocrx_word' id='word_1_367' title='bbox 1121 4851 1234 4902; x_wconf 90' lang='lat' dir='ltr'><strong>coram</strong></span> <span class='ocrx_word' id='word_1_368' title='bbox 1259 4828 1355 4915; x_wconf 94' lang='lat' dir='ltr'><strong>Deo,</strong></span> <span class='ocrx_word' id='word_1_369' title='bbox 1381 4828 1488 4903; x_wconf 89' lang='lat' dir='ltr'><strong>animi</strong></span> <span class='ocrx_word' id='word_1_370' title='bbox 1517 4831 1764 4929; x_wconf 86' lang='lat' dir='ltr'><strong>tranquillitas,</strong></span> <span class='ocrx_word' id='word_1_371' title='bbox 1789 4857 1888 4933; x_wconf 87' lang='lat' dir='ltr'><strong>spes,</strong></span> <span class='ocrx_word' id='word_1_372' title='bbox 1914 4834 2063 4924; x_wconf 88' lang='lat' dir='ltr'><strong>laetitia,</strong></span> <span class='ocrx_word' id='word_1_373' title='bbox 2089 4835 2157 4908; x_wconf 86' lang='lat' dir='ltr'><strong>vita</strong></span> <span class='ocrx_word' id='word_1_374' title='bbox 2183 4857 2235 4906; x_wconf 88' lang='lat' dir='ltr'><strong>ae·</strong></span> 
     </span>
    </p>
   </div>
   <div class='ocr_carea' id='block_1_5' title="bbox 0 0 2464 6180">
    <p class='ocr_par' dir='ltr' id='par_1_5' title="bbox 0 0 2464 6180">
     <span class='ocr_line' id='line_1_36' title="bbox 0 0 2464 6180; baseline 0 0"><span class='ocrx_word' id='word_1_375' title='bbox 0 0 2464 6180; x_wconf 95' lang='lat' dir='ltr'><strong> </strong></span> 
     </span>
    </p>
   </div>
  </div>
 </body>
</html>
