4892 6184
893 713 1172 783 οιιιιο.
1304 810 1308 818 ,
1678 711 1804 812 ,ιι

274 920 523 998 aestimationis
556 921 638 997 dare
671 921 930 1022 documentum.
980 921 1044 998 Vir
1064 922 1118 999 cl.
1137 921 1233 998 Krsr
1255 945 1299 996 eo
1327 927 1481 1021 tempore
1503 920 1631 996 Rector
1653 920 1794 1020 Magni·

275 1042 365 1116 ficus
393 1066 474 1117 cum
508 1041 684 1117 nonnullis
716 1041 978 1120 Raruvvrnnrrr
1010 1041 1131 1119 amieis
1163 1035 1345 1118 consilium
1380 1049 1516 1140 ceperat
1551 1049 1594 1115 ut
1626 1064 1794 1128 nummo,

276 1159 380 1236 bucce
413 1160 669 1260 opportunitate
702 1162 880 1254 cudendo,
915 1163 1064 1264 egregiis
1087 1162 1348 1236 Rnrrvvvranrrr
1373 1161 1506 1236 meritis
1532 1185 1683 1261 perenne
1709 1185 1794 1261 qua·

277 1279 308 1354 si
336 1289 604 1357 monumentum
635 1283 833 1382 erigeretur.
882 1285 964 1359 Non
989 1281 1091 1382 pauci
1119 1287 1235 1371 erant,
1260 1280 1389 1379 quibus
1412 1279 1500 1354 illud
1523 1281 1707 1355 consilium
1731 1279 1796 1354 mi·

276 1399 371 1476 silice
395 1401 587 1491 arridebat,
609 1404 705 1502 quod
725 1402 822 1479 brevi
842 1410 923 1503 post
941 1410 1117 1505 patratum
1142 1409 1204 1476 est.
1254 1398 1462 1474 Academiae
1482 1399 1611 1474 Rectcr
1631 1397 1796 1498 Magnifi-

278 1545 341 1595 cus
372 1521 529 1596 omnium
558 1523 718 1611 nomine,
750 1522 811 1620 qui
840 1531 914 1597 tam
939 1522 1078 1620 pulcrae
1098 1519 1148 1594 rei
1174 1518 1359 1619 participes
1378 1518 1454 1592 fieri
1479 1517 1698 1618 cupiverant,
1723 1515 1799 1592 seni

279 1639 465 1714 venerabili
496 1663 683 1714 nummum
715 1638 877 1728 tradidit,
910 1639 1040 1714 laetum
1071 1639 1163 1713 diem
1191 1663 1235 1712 ex
1262 1637 1370 1712 animi
1399 1637 1570 1713 sententia
1591 1639 1799 1738 gratulatus.

279 1759 337 1835 Ad
360 1781 449 1856 quae
467 1756 758 1835 Rsruwsnnrrns
783 1759 900 1835 animo
920 1759 1138 1835 vehementer
1159 1764 1316 1866 permoto
1336 1757 1514 1859 respondit
1531 1757 1650 1857 paneis
1666 1757 1799 1846 verbis,

280 1877 341 1954 sed
365 1902 455 1977 quae
479 1900 521 1952 ex
545 1877 670 1954 intimo
693 1879 892 1980 prodierant
914 1886 1061 1979 pectore.

327 1998 617 2074 Rnruvvsunrrns
639 2023 750 2098 usque
771 2023 813 2074 eo
833 2000 927 2076 bena
946 1998 1429 2089 valetudinefueratfructus3
1453 1997 1801 2102 licetpedibuslebo·

253 2123 541 2207 4ιιιο1,1ιιιιιι
574 2118 657 2193 inde
685 2119 777 2195 intra
807 2119 932 2195 dumus
963 2120 1017 2194 vel
1043 2118 1194 2194 cubiculi
1221 2119 1371 2196 elaustm
1394 2146 1431 2195 se
1451 2119 1619 2196 contineri
1653 2144 1723 2194 ιοι
1748 2125 1802 2192 est

280 2262 425 2338 passae,
432 2239 522 2313 sed
551 2262 761 2346 unoquoque
793 2237 867 2330 fere
887 2263 978 2312 anno
1000 2247 1061 2312 aut
1085 2238 1217 2335 patriae
1246 2238 1321 2312 loca
1345 2240 1541 2313 amoeniora
1563 2238 1804 2372 perlustravit,

282 2365 344 2432 aut
374 2381 517 2456 peregre
546 2365 600 2431 est
626 2358 811 2455 profectus.
863 2355 933 2430 Sed
964 2355 1092 2429 sensim
1121 2356 1319 2452 sensimque
1353 2357 1442 2468 vires
1472 2357 1623 2456 corporis
1659 2357 1804 2431 delicere

282 2485 489 2575 coeperunt,
521 2499 585 2550 nec
607 2463 725 2549 tamen
748 2473 920 2548 diminuta
946 2480 999 2548 est
1021 2473 1128 2548 animi
1153 2473 1343 2547 hilaritas
1331 2474 1533 2572 rugeniique
1556 2475 1682 2563 robur,
1713 2499 1804 2573 quaa

283 2593 513 2671 laetabundus
546 2569 782 2669 admirabatur
812 2592 1018 2690 cuicumque
1052 2592 1161 2667 visere
1195 2615 1314 2666 senem
1336 2591 1484 2670 viridem
1507 2599 1544 2668 et
1568 2617 1649 2668 cum
1674 2619 1716 2668 eo
1736 2594 1805 2668 cel·

282 2713 379 2814 loqui
403 2713 559 2814 contigit.
608 2717 728 2814 Atque
761 2712 907 2788 servavit
937 2711 1033 2787 illam
1068 2711 1176 2787 animi
1208 2711 1278 2787 vim
1305 2719 1340 2786 ct
1369 2711 1589 2789 serenitatem
1619 2695 1731 2811 usque
1761 2715 1807 2788 ad

285 2834 402 2934 ipsum
416 2832 506 2911 vitae
525 2833 641 2910 finem.
680 2833 761 2908 Suis
780 2832 950 2933 nobisque
970 2834 1026 2908 die
1050 2839 1146 2909 sexto
1167 2833 1297 2908 mensis
1311 2832 1530 2908 Martisanm
1520 2828 1642 2909 1854
1667 2840 1807 2932 ereptus

284 2962 349 3032 est.
399 2955 482 3033 Quo
518 2954 574 3029 die
599 2955 711 3030 elatus
738 2962 813 3045 est,
846 2954 1001 3031 affinium
1034 2954 1293 3052 amicorumque
1328 2978 1479 3055 magnus
1506 2977 1673 3030 numerus
1698 2953 1809 3030 secuti
1900 2973 1903 2977 ·

286 3079 390 3161 sunt,
424 3080 577 3150 extrema
604 3073 662 3173 pia
686 3053 867 3150 dilecto
836 3099 908 3150 vrro
935 3075 1162 3174 persoluturi;
1195 3098 1311 3150 coram
1343 3074 1473 3210 quibus
1502 3073 1607 3149 verba
1635 3072 1718 3149 iecit
1744 3072 1809 3148 Vir

290 3194 345 3296 Cl.
367 3195 397 3270 Ι.
417 3217 492 3268 ιιι
510 3194 773 3285 nnaHonvau,
799 3196 902 3296 quale
932 3196 1089 3272 omnium
1117 3202 1209 3271 esset
1230 3201 1302 3271 tam
1326 3193 1397 3269 cari
1420 3193 1544 3294 capitis
1568 3200 1809 3293 quantumque

288 3289 515 3404 desiderium,
545 3314 661 3390 animo
685 3316 834 3415 graviter
862 3315 1004 3406 affecto,
1025 3317 1283 3416 interpretatus
1307 3314 1376 3389 Die
1400 3313 1657 3390 decimotertio
1679 3315 1809 3390 mensis

288 3420 412 3507 Martii
425 3431 489 3508 Vir
502 3433 556 3510 cl.
569 3435 617 3509 ria
632 3433 773 3510 Varnsn
788 3460 903 3511 coram
916 3436 1125 3513 Academiae
1146 3443 1283 3511 nostrae
1304 3434 1453 3510 alumnis
1473 3436 1676 3511 memoriam
1695 3435 1808 3511 Rara·

288 3577 472 3643 ιιιιιιιιι,
498 3553 594 3629 brevi
613 3554 733 3631 habita
754 3557 928 3647 oratione,
954 3556 1117 3648 recoluit;
1142 3581 1253 3656 quum
1273 3557 1534 3630 Rrruvvsnnrrr
1551 3541 1660 3627 ‘vitam
1679 3579 1807 3629 mores·

290 3697 358 3772 que
390 3673 609 3774 depingeret,
641 3683 677 3750 et
706 3675 829 3751 merita
860 3683 959 3776 grato
978 3675 1094 3750 animo
1115 3674 1256 3749 referret
1280 3681 1316 3747 et
1336 3672 1565 3772 praedicaret,
1593 3672 1719 3747 illustri
1743 3674 1809 3749 hoc

294 3793 451 3891 exemplo
476 3793 744 3870 demonstrari
733 3820 874 3871 iuvenes
899 3795 1034 3883 docuit,
1067 3793 1242 3894 quomodo
1274 3816 1352 3867 vera
1387 3791 1568 3890 gloriaest
1594 3793 1808 3891 appetenda,

292 3909 421 4011 quibus
449 3912 582 3988 artibus
611 3939 690 3989 vera
719 3913 829 4013 gloria
857 3922 893 3988 et
923 3913 1130 4014 sempiterna
1162 3909 1326 4012 pariatur.
1377 3912 1479 3990 Quae
1509 3909 1586 3985 Viri
1618 3912 1810 3990 Clarissimi

292 4030 452 4106 allocutio
476 4041 555 4130 post
578 4033 710 4167 aliquot
735 4032 809 4109 dies
832 4033 924 4134 typis
949 4041 1002 4108 est
1025 4057 1196 4133 expresse.

340 4149 416 4225 Nec
453 4148 564 4225 defuit
601 4152 663 4250 qui
697 4153 733 4226 in
767 4153 957 4229 Academia
992 4152 1087 4254 regin
1122 4151 1438 4229 Amstelodamensi
1469 4152 1513 4227 de
1549 4153 1810 4230 Ramvvusorrr

295 4256 426 4344 meritis
462 4269 606 4346 solemni
638 4271 742 4347 modo
771 4272 875 4349 verba
908 4273 1044 4350 laceret.
1106 4273 1279 4349 Coneione
1311 4272 1431 4349 habita
1458 4273 1515 4349 die
1544 4271 1810 4348 undetricesimo

297 4389 427 4464 mensis
457 4391 587 4490 Aprilis
618 4391 682 4468 Vir
712 4393 766 4470 01.
793 4392 964 4484 Vnonru,
997 4391 1059 4494 qui
1079 4392 1289 4468 Academiae
1313 4400 1366 4469 est
1393 4393 1439 4469 ab
1475 4391 1584 4481 actis,
1620 4390 1811 4467 orationem

298 4506 484 4590 habuitne
512 4510 666 4588 defuncti
695 4512 881 4604 honorem,
911 4537 981 4612 qua
1009 4512 1084 4589 eius
1112 4510 1220 4588 vitam
1249 4511 1399 4622 breviter
1428 4511 1658 4588 adumbravit.
1708 4512 1811 4590 Quae

296 4625 396 4703 Actis
419 4627 627 4705 Academiae
650 4638 703 4708 est
724 4633 864 4710 inserta.

346 4745 528 4825 Praeterea
557 4771 649 4826 unus
680 4773 726 4827 ex
743 4751 904 4828 affinibus
925 4751 1186 4832 anvaanmr
1204 4777 1324 4832 mense
1345 4682 1442 4831 Miio
1463 4750 1629 4854 publici
1618 4749 1705 4829 ruris
1727 4747 1810 4826 fecit
1937 4720 1941 4727 ⁴

298 4866 440 4946 brevem
464 4867 619 4984 defuncti
642 4869 733 4949 vitae
756 4872 996 4970 narrationem.
