4892 6184
746 701 788 765 82
1346 695 1384 762 H.
1418 695 1454 760 E.
1489 693 1663 763 VINKE

745 906 894 992 tionem,
921 929 991 1004 quo
1011 927 1081 980 non
1101 908 1240 978 tantum
1262 899 1475 990 doctrinam,
1500 903 1707 976 oOsnrsno
1727 901 1920 996 acceptam,
1945 897 2181 986 tradiderunt,
2204 899 2264 972 sed

745 1049 875 1101 errores
898 1023 1003 1098 etiam
1026 1043 1271 1124 perversasque
1296 1028 1374 1095 tum
1401 1020 1634 1111 Iudaeorum,
1657 1027 1735 1094 tum
1759 1016 1918 1116 gentium
1944 1016 2124 1117 opiniones
2151 1017 2263 1116 impu·

743 1152 896 1246 gnorunt
915 1151 950 1218 et
972 1144 1166 1220 refutarunt
1183 1142 1246 1232 ⁴⁰).
1285 1139 1388 1214 Unde
1411 1140 1542 1216 lactum
1563 1165 1638 1215 esse
1658 1139 1816 1225 videtur,
1841 1141 1921 1228 uta
1944 1139 2076 1224 πίστις
2099 1137 2261 1236 paucissi-

743 1266 810 1342 mis
823 1261 912 1341 'locis
925 1264 962 1338 in
980 1265 1025 1340 N.
1040 1265 1080 1341 F.
1102 1261 1216 1349 libris,
1237 1284 1293 1336 me
1313 1259 1456 1359 quidem
1473 1260 1609 1350 iudice,
1627 1261 1671 1334 de
1691 1259 1863 1358 ipsafldei
1882 1259 2035 1334 doctrim
2047 1256 2189 1345 ‚dicatur
2201 1261 2260 1350 ⁴¹).

794 1503 865 1577 Sed
893 1504 930 1576 in
962 1502 1017 1575 his
1042 1500 1186 1575 minime
1214 1500 1411 1575 subsistunt
1434 1499 1605 1599 Magister
1625 1507 1661 1574 et
1687 1498 1869 1598 Discipuli.
1920 1497 2037 1573 Altius
2063 1497 2261 1572 escendunt.
2402 1495 2403 1530 ³

744 1624 930 1698 Gnnrsnos
954 1620 1068 1707 enim,
1101 1643 1212 1718 quum
1241 1618 1466 1717 praecipuum
1493 1619 1538 1692 sit
1561 1617 1742 1719 Evangelii
1765 1623 2032 1717 argumentum,
2065 1615 2196 1714 ubique
2224 1625 2259 1690 ut

741 1740 970 1840 praecipuum
989 1737 1073 1812 fidei
1095 1735 1271 1811 obiectum
1294 1736 1465 1810 laudatur.
1517 1735 1623 1814 Quod
1646 1761 1756 1835 quum
1780 1736 2001 1812 notissimum
2023 1735 2090 1823 sit,
2115 1737 2172 1810 vix
2194 1737 2257 1810 ulla
2402 1773 2403 1860 p

741 1861 898 1960 indigere
921 1858 1125 1958 probatione
1149 1856 1296 1932 videtur.

792 1982 877 2077 Ipse
900 2004 937 2052 se
963 1978 1028 2052 boc
1052 1976 1193 2051 nomine
1216 1975 1345 2050 diserte
1367 1975 1585 2074 praedicavit.
1621 1977 1664 2049 In
1690 1975 1893 2051 memoriam
1919 1975 2024 2049 modo
2046 1973 2143 2049 vobis
2167 1997 2256 2048 revo-

744 2099 830 2173 cetis
853 2107 921 2172 tum
948 2096 1169 2197 gravissima,
1203 2121 1293 2195 quae
1317 2119 1399 2170 cum
1422 2096 1622 2171 Nrconnuo
1646 2096 1714 2188 44),
1748 2103 1784 2169 et
1806 2095 1951 2170 muliere
1981 2096 2193 2170 Samaritana
2211 2097 2255 2187 ⁴⁸)

743 2218 867 2293 habuit
898 2217 1088 2315 colloquio,
1121 2224 1190 2290 tum
1220 2238 1414 2305 sermones,
1448 2240 1536 2315 quos
1561 2215 1615 2290 vel
1637 2239 1720 2290 oum
1741 2217 1946 2290 ludaeorum
1974 2214 2172 2314 proceribus
2193 2217 2257 2304 44),

743 2340 796 2412 vel
817 2362 899 2412 cum
921 2337 1050 2436 populo
1073 2335 1122 2428 ⁴⁶)
1148 2335 1316 2425 contulit,
1340 2335 1586 2436 apologeticos,
1612 2343 1680 2410 tum
1705 2359 1794 2433 quse
1817 2335 1954 2410 locutus
1977 2341 2030 2409 est
2052 2334 2098 2409 ed
2123 2359 2259 2410 coecum

740 2459 858 2546 illum,
883 2456 942 2552 cui
959 2458 1074 2532 visum
1094 2457 1292 2531 restituerat
1311 2455 1563 2555 Hierosolymis
1580 2457 1651 2549 ⁴⁰),
1675 2455 1721 2531 ad
1741 2455 1960 2543 Mennssu,
1987 2454 2101 2532 botris
2120 2463 2259 2529 mortem

741 2579 918 2653 dolentem
939 2577 1008 2669 ⁴⁷),
1039 2576 1085 2650 ad
1120 2575 1327 2673 discipulos,
1363 2577 1486 2651 ultima
1516 2575 1607 2652 vitae
1640 2600 1722 2650 suae
1752 2584 1852 2650 nocte
1878 2576 1942 2667 ⁴⁸).
1991 2575 2069 2649 Imo
2100 2574 2258 2650 continue

743 2703 933 2772 testantem
952 2719 1035 2769 eum
1059 2693 1245 2785 andimus,
1276 2721 1313 2772 se
1334 2721 1427 2786 esse,
1455 2697 1512 2773 cui
1538 2697 1748 2772 credendum
1769 2695 1814 2769 sit
1837 2695 1929 2769 etin
1951 2695 2147 2796 quotidem
2165 2720 2260 2770 suom

742 2839 907 2916 reponere
939 2813 1090 2890 debeant
1118 2814 1294 2904 homines,
1325 2823 1366 2892 ut
1395 2817 1502 2892 vitam
1529 2823 1703 2892 aeternam
1722 2823 1996 2915 consequantur:
2029 2815 2123 2890 unde
2144 2837 2259 2890 omnes

743 2935 790 3010 ad
812 2935 920 3010 fidem
946 2933 1014 3009 sibi
1036 2933 1234 3010 habendam
1258 2937 1401 3012 comiter
1424 2936 1641 3037 graviterque
1665 2935 1876 3012 adhortatur.

790 3056 918 3155 Neque
946 3054 1046 3130 aliter
1071 3042 1228 3130 fecenmt
1258 3058 1423 3156 Apostoli.
1469 3059 1563 3134 Nam
1588 3081 1728 3146 omnes,
1754 3080 1841 3155 quas
1864 3055 2035 3132 alcoram
2052 3055 2200 3156 populo,
2227 3055 2259 3129 a

742 3199 859 3251 coram
888 3175 1100 3250 Iudaeorum
1131 3176 1282 3265 Senatu,
1313 3176 1349 3252 et
1380 3201 1495 3252 coram
1529 3178 1630 3253 cortis
1660 3176 1872 3277 quibusdam
1905 3175 2107 3251 hominibus
2134 3175 2259 3250 babue-

743 3301 847 3391 runt,
884 3293 1055 3369 orationes
1086 3300 1180 3370 totae
1202 3295 1239 3369 in
1267 3321 1309 3372 eo
1338 3304 1439 3388 sunt,
1462 3305 1503 3374 ut
1532 3297 1699 3398 probent,
1722 3299 1840 3372 Insnm
1863 3322 1938 3372 csse
1960 3297 2175 3385 Gnnrsnuu,
2196 3297 2259 3370 Dei

742 3415 894 3504 Filium,
918 3413 1063 3489 unicum
1084 3414 1266 3490 bominum
1289 3415 1592 3507 conservatorem,
1618 3418 1862 3516 auditoresque
1882 3418 1929 3492 od
1949 3417 2055 3492 fidem
2078 3417 2111 3490 ei
2134 3415 2257 3491 baben·

742 3535 823 3611 dnm
852 3534 997 3610 incitare
1026 3540 1132 3633 atque
1167 3535 1356 3633 perducere
1382 3541 1550 3610 conentur
1559 3535 1620 3628 ⁴⁹).
1660 3537 1717 3610 Ito
1741 3541 1778 3609 et
1798 3535 1836 3608 in
1866 3534 2001 3634 scriptis
2026 3535 2071 3609 ad
2096 3533 2255 3608 Christia-

741 3680 805 3729 nos
834 3655 947 3742 datis,
982 3654 1077 3728 idem
1112 3653 1261 3729 subinde
1292 3655 1468 3731 inculcant
1493 3655 1669 3754 fidemque
1695 3656 1861 3730 Onnrsco
1885 3654 2039 3731 habitam
2060 3655 2256 3728 confirmem

744 3783 781 3848 et
808 3773 963 3848 stabilire
997 3774 1140 3848 student
1151 3776 1214 3867 40).
1253 3776 1299 3848 In
1333 3800 1403 3873 qno
1432 3774 1637 3874 exponendo
1657 3774 1757 3850 variis
1783 3783 1932 3850 utuntur
1949 3773 2255 3874 praepositionibus

747 3891 954 3989 dicendique
993 3891 1172 3980 formulis,
1214 3893 1262 3968 ad
1300 3895 1351 3968 rei
1388 3895 1592 3994 gravitatem
1630 3893 1968 3993 etfamplitudinem
1983 3912 1986 3922 ·
2003 3893 2254 3992 exprimendam

747 4009 886 4109 egregie
909 4011 1175 4086 accommodatis
1186 4013 1248 4104 41).

795 4249 921 4327 Quid?
960 4251 1056 4349 quod
1080 4251 1184 4326 altius
1212 4250 1318 4326 etiam
1343 4253 1554 4344 escendunt,
1588 4256 1633 4331 ad
1654 4258 1764 4331 Doara
1787 4255 1923 4355 ipsum,
1957 4261 2136 4352 tamquam
2165 4275 2253 4327 sum·

743 4393 842 4444 mum
865 4370 948 4445 fidei
972 4371 1147 4446 obiectum
1170 4395 1235 4446 nos
1259 4371 1452 4448 evehentes.
1821 4371 1828 4383 “

794 4491 956 4582 odmen,
983 4495 1128 4581 amen,''
1151 4492 1269 4592 inquit
1291 4492 1366 4591 ipse
1391 4493 1577 4570 Cumanus
1606 4493 1695 4593 aqui
1719 4517 1912 4568 sermonem
1938 4517 2057 4568 meum
2080 4491 2200 4578 audit,
2223 4499 2254 4564 et

749 4610 884 4684 acreda
906 4611 971 4701 Ei,
1004 4612 1066 4711 qui
1089 4636 1145 4687 me
1167 4613 1284 4702 misit,
1314 4613 1422 4688 vitam
1450 4615 1556 4689 babet
1581 4623 1776 4702 aeternam,
1803 4639 1916 4714 nequo
1938 4615 1975 4688 in
2001 4612 2253 4688 condemnatio·
2402 4603 2403 4658 1

749 4753 858 4804 onem
893 4732 1008 4821 venit,
1044 4733 1107 4807 sed
1131 4759 1153 4807 e
1181 4733 1352 4808 mortain
1378 4733 1485 4809 vitam
1512 4735 1646 4810 transiit
1659 4735 1745 4827 4444).”
1795 4735 1896 4814 nQui
1921 4760 1964 4809 ex
1986 4734 2062 4808 Deo
2089 4741 2163 4821 est,
2192 4729 2256 4804 Dei
2402 4811 2403 4844 ἢ

749 4848 882 4925 overba
906 4853 1023 4942 andit3
1050 4861 1230 4953 propterea
1257 4878 1317 4928 vos
1339 4877 1409 4929 non
1433 4854 1579 4946 auditis,
1605 4856 1754 4956 quises
1783 4855 1860 4931 Deo
1885 4881 1953 4930 non
1981 4855 2135 4947 estisffl).
2185 4852 2255 4931 Qui
2402 4949 2403 4970 Χ
