<?xml version="1.0" encoding="UTF-8"?>
<!DOCTYPE html PUBLIC "-//W3C//DTD XHTML 1.0 Transitional//EN"
    "http://www.w3.org/TR/xhtml1/DTD/xhtml1-transitional.dtd">
<html xmlns="http://www.w3.org/1999/xhtml" xml:lang="en" lang="en">
 <head>
  <title>
</title>
<meta http-equiv="Content-Type" content="text/html;charset=utf-8" />
  <meta name='ocr-system' content='tesseract 3.04.00' />
  <meta name='ocr-capabilities' content='ocr_page ocr_carea ocr_par ocr_line ocrx_word'/>
</head>
<body>
  <div class='ocr_page' id='page_1' title='image "annalesacademic05unkngoog_0103.png"; bbox 0 0 4892 6184; ppageno 0'>
   <div class='ocr_carea' id='block_1_1' title="bbox 864 696 1756 769">
    <p class='ocr_par' dir='ltr' id='par_1_1' title="bbox 864 696 1756 769">
     <span class='ocr_line' id='line_1_1' title="bbox 864 696 1756 769; baseline 0.007 -6"><span class='ocrx_word' id='word_1_1' title='bbox 864 696 1140 764; x_wconf 77' lang='lat' dir='ltr'>oalrro.</span> <span class='ocrx_word' id='word_1_2' title='bbox 1715 701 1756 769; x_wconf 79' lang='grc'>93</span> 
     </span>
    </p>
   </div>
   <div class='ocr_carea' id='block_1_2' title="bbox 203 902 1771 1714">
    <p class='ocr_par' dir='ltr' id='par_1_2' title="bbox 203 902 1771 1714">
     <span class='ocr_line' id='line_1_2' title="bbox 247 902 1755 994; baseline 0 -14"><span class='ocrx_word' id='word_1_3' title='bbox 247 905 498 994; x_wconf 80' lang='lat' dir='ltr'>Christianam,</span> <span class='ocrx_word' id='word_1_4' title='bbox 529 929 593 979; x_wconf 93' lang='lat' dir='ltr'>nec</span> <span class='ocrx_word' id='word_1_5' title='bbox 625 902 861 980; x_wconf 87' lang='lat' dir='ltr'>Reformatam</span> <span class='ocrx_word' id='word_1_6' title='bbox 886 905 1075 980; x_wconf 87' lang='lat' dir='ltr'>Ecclesiam</span> <span class='ocrx_word' id='word_1_7' title='bbox 1110 929 1208 980; x_wconf 90' lang='lat' dir='ltr'>suam</span> <span class='ocrx_word' id='word_1_8' title='bbox 1239 903 1364 979; x_wconf 88' lang='lat' dir='ltr'>habere</span> <span class='ocrx_word' id='word_1_9' title='bbox 1390 905 1597 991; x_wconf 78' lang='lat' dir='ltr'><strong>doctrinam,</strong></span> <span class='ocrx_word' id='word_1_10' title='bbox 1634 907 1755 980; x_wconf 88' lang='lat' dir='ltr'>fidem·</span> 
     </span>
     <span class='ocr_line' id='line_1_3' title="bbox 246 1022 1755 1126; baseline -0.001 -26"><span class='ocrx_word' id='word_1_11' title='bbox 246 1052 336 1126; x_wconf 90' lang='lat' dir='ltr'>que,</span> <span class='ocrx_word' id='word_1_12' title='bbox 362 1051 452 1125; x_wconf 88' lang='lat' dir='ltr'>quae</span> <span class='ocrx_word' id='word_1_13' title='bbox 473 1052 495 1100; x_wconf 93' lang='lat' dir='ltr'>a</span> <span class='ocrx_word' id='word_1_14' title='bbox 517 1024 619 1100; x_wconf 88' lang='lat' dir='ltr'>nobis</span> <span class='ocrx_word' id='word_1_15' title='bbox 641 1022 854 1122; x_wconf 79' lang='lat' dir='ltr'>postulatur,</span> <span class='ocrx_word' id='word_1_16' title='bbox 884 1049 954 1099; x_wconf 92' lang='lat' dir='ltr'>non</span> <span class='ocrx_word' id='word_1_17' title='bbox 978 1050 1053 1100; x_wconf 88' lang='lat' dir='ltr'>esse</span> <span class='ocrx_word' id='word_1_18' title='bbox 1076 1025 1203 1110; x_wconf 90' lang='lat' dir='ltr'>fidem,</span> <span class='ocrx_word' id='word_1_19' title='bbox 1229 1023 1330 1098; x_wconf 90' lang='lat' dir='ltr'>certis</span> <span class='ocrx_word' id='word_1_20' title='bbox 1353 1024 1562 1122; x_wconf 89' lang='lat' dir='ltr'>quibusdam</span> <span class='ocrx_word' id='word_1_21' title='bbox 1586 1025 1755 1123; x_wconf 85' lang='lat' dir='ltr'>dogmati·</span> 
     </span>
     <span class='ocr_line' id='line_1_4' title="bbox 203 1143 1756 1244; baseline 0 -24"><span class='ocrx_word' id='word_1_22' title='bbox 203 1185 210 1197; x_wconf 92' lang='lat'><strong>·</strong></span> <span class='ocrx_word' id='word_1_23' title='bbox 245 1148 314 1221; x_wconf 88' lang='lat' dir='ltr'>bus</span> <span class='ocrx_word' id='word_1_24' title='bbox 347 1146 602 1232; x_wconf 86' lang='lat' dir='ltr'>adhibendam,</span> <span class='ocrx_word' id='word_1_25' title='bbox 636 1144 698 1218; x_wconf 89' lang='lat' dir='ltr'>sed</span> <span class='ocrx_word' id='word_1_26' title='bbox 728 1143 914 1218; x_wconf 86' lang='lat' dir='ltr'>consistere</span> <span class='ocrx_word' id='word_1_27' title='bbox 944 1144 1045 1219; x_wconf 90' lang='lat' dir='ltr'>unice</span> <span class='ocrx_word' id='word_1_28' title='bbox 1078 1145 1115 1218; x_wconf 93' lang='lat' dir='ltr'>in</span> <span class='ocrx_word' id='word_1_29' title='bbox 1146 1143 1295 1232; x_wconf 88' lang='lat' dir='ltr'>fiducia,</span> <span class='ocrx_word' id='word_1_30' title='bbox 1329 1145 1365 1217; x_wconf 92' lang='lat' dir='ltr'>in</span> <span class='ocrx_word' id='word_1_31' title='bbox 1397 1145 1581 1232; x_wconf 85' lang='lat' dir='ltr'>Cnarsro,</span> <span class='ocrx_word' id='word_1_32' title='bbox 1611 1145 1756 1244; x_wconf 91' lang='lat' dir='ltr'>Deoque</span> 
     </span>
     <span class='ocr_line' id='line_1_5' title="bbox 246 1262 1755 1364; baseline 0.001 -26"><span class='ocrx_word' id='word_1_33' title='bbox 246 1267 452 1363; x_wconf 90' lang='lat' dir='ltr'>reponenda.</span> <span class='ocrx_word' id='word_1_34' title='bbox 491 1265 620 1341; x_wconf 87' lang='lat' dir='ltr'>Audio.</span> <span class='ocrx_word' id='word_1_35' title='bbox 658 1262 730 1337; x_wconf 82' lang='lat' dir='ltr'>Sed</span> <span class='ocrx_word' id='word_1_36' title='bbox 755 1263 868 1338; x_wconf 89' lang='lat' dir='ltr'>videte</span> <span class='ocrx_word' id='word_1_37' title='bbox 891 1288 969 1352; x_wconf 88' lang='lat' dir='ltr'>vos,</span> <span class='ocrx_word' id='word_1_38' title='bbox 1001 1289 1146 1364; x_wconf 80' lang='lat' dir='ltr'>quaeso,</span> <span class='ocrx_word' id='word_1_39' title='bbox 1180 1263 1313 1362; x_wconf 87' lang='lat' dir='ltr'>quiite</span> <span class='ocrx_word' id='word_1_40' title='bbox 1338 1263 1537 1361; x_wconf 87' lang='lat' dir='ltr'>loquimini,</span> <span class='ocrx_word' id='word_1_41' title='bbox 1563 1267 1755 1340; x_wconf 89' lang='lat' dir='ltr'>annonin</span> 
     </span>
     <span class='ocr_line' id='line_1_6' title="bbox 244 1383 1757 1482; baseline -0.001 -23"><span class='ocrx_word' id='word_1_42' title='bbox 244 1386 393 1460; x_wconf 90' lang='lat' dir='ltr'>alterum</span> <span class='ocrx_word' id='word_1_43' title='bbox 421 1387 530 1460; x_wconf 79' lang='lat' dir='ltr'>ruatis</span> <span class='ocrx_word' id='word_1_44' title='bbox 560 1391 774 1470; x_wconf 83' lang='lat' dir='ltr'>extremum,</span> <span class='ocrx_word' id='word_1_45' title='bbox 809 1383 1084 1482; x_wconf 77' lang='lat' dir='ltr'>sententiamque</span> <span class='ocrx_word' id='word_1_46' title='bbox 1112 1383 1358 1482; x_wconf 86' lang='lat' dir='ltr'>propugnetis,</span> <span class='ocrx_word' id='word_1_47' title='bbox 1392 1383 1450 1462; x_wconf 87' lang='lat' dir='ltr'>cui</span> <span class='ocrx_word' id='word_1_48' title='bbox 1473 1383 1508 1455; x_wconf 85' lang='lat' dir='ltr'>e&#39;t</span> <span class='ocrx_word' id='word_1_49' title='bbox 1531 1383 1692 1472; x_wconf 91' lang='lat' dir='ltr'>historia,</span> <span class='ocrx_word' id='word_1_50' title='bbox 1722 1385 1757 1459; x_wconf 72' lang='lat' dir='ltr'>et</span> 
     </span>
     <span class='ocr_line' id='line_1_7' title="bbox 245 1501 1771 1603; baseline 0.002 -27"><span class='ocrx_word' id='word_1_51' title='bbox 245 1502 321 1601; x_wconf 89' lang='lat' dir='ltr'>ipsa</span> <span class='ocrx_word' id='word_1_52' title='bbox 355 1505 405 1578; x_wconf 89' lang='lat' dir='ltr'>rei</span> <span class='ocrx_word' id='word_1_53' title='bbox 436 1505 545 1592; x_wconf 89' lang='lat' dir='ltr'>ratio,</span> <span class='ocrx_word' id='word_1_54' title='bbox 582 1504 618 1578; x_wconf 73' lang='lat' dir='ltr'>et</span> <span class='ocrx_word' id='word_1_55' title='bbox 651 1526 730 1577; x_wconf 89' lang='lat' dir='ltr'>vero</span> <span class='ocrx_word' id='word_1_56' title='bbox 761 1502 866 1577; x_wconf 90' lang='lat' dir='ltr'>etiam</span> <span class='ocrx_word' id='word_1_57' title='bbox 898 1512 1009 1576; x_wconf 85' lang='lat' dir='ltr'>vestra</span> <span class='ocrx_word' id='word_1_58' title='bbox 1033 1503 1186 1601; x_wconf 89' lang='lat' dir='ltr'>ipsorum</span> <span class='ocrx_word' id='word_1_59' title='bbox 1213 1501 1394 1575; x_wconf 87' lang='lat' dir='ltr'>affirmatio</span> <span class='ocrx_word' id='word_1_60' title='bbox 1416 1525 1555 1600; x_wconf 89' lang='lat' dir='ltr'>prorsus</span> <span class='ocrx_word' id='word_1_61' title='bbox 1574 1514 1771 1603; x_wconf 49' lang='lat' dir='ltr'>repugnet:</span> 
     </span>
     <span class='ocr_line' id='line_1_8' title="bbox 245 1605 1755 1714; baseline 0.001 -17"><span class='ocrx_word' id='word_1_62' title='bbox 245 1608 426 1710; x_wconf 81' lang='lat' dir='ltr'>Concedo,</span> <span class='ocrx_word' id='word_1_63' title='bbox 459 1623 547 1698; x_wconf 91' lang='lat' dir='ltr'>nulli</span> <span class='ocrx_word' id='word_1_64' title='bbox 571 1624 671 1696; x_wconf 87' lang='lat' dir='ltr'>licere</span> <span class='ocrx_word' id='word_1_65' title='bbox 696 1621 857 1694; x_wconf 88' lang='lat' dir='ltr'>Societati</span> <span class='ocrx_word' id='word_1_66' title='bbox 880 1621 1095 1695; x_wconf 84' lang='lat' dir='ltr'>Christianae</span> <span class='ocrx_word' id='word_1_67' title='bbox 1122 1621 1292 1694; x_wconf 91' lang='lat' dir='ltr'>eiusmodi</span> <span class='ocrx_word' id='word_1_68' title='bbox 1314 1620 1503 1694; x_wconf 86' lang='lat' dir='ltr'>doctrinam</span> <span class='ocrx_word' id='word_1_69' title='bbox 1526 1605 1755 1714; x_wconf 89' lang='lat' dir='ltr'>constituere,</span> 
     </span>
    </p>
   </div>
   <div class='ocr_carea' id='block_1_3' title="bbox 243 1739 1759 2672">
    <p class='ocr_par' dir='ltr' id='par_1_3' title="bbox 243 1739 1759 2672">
     <span class='ocr_line' id='line_1_9' title="bbox 245 1739 1756 1844; baseline 0.001 -28"><span class='ocrx_word' id='word_1_70' title='bbox 245 1767 335 1840; x_wconf 89' lang='lat' dir='ltr'>quae</span> <span class='ocrx_word' id='word_1_71' title='bbox 365 1742 525 1815; x_wconf 85' lang='lat' dir='ltr'>valeam</span> <span class='ocrx_word' id='word_1_72' title='bbox 559 1739 725 1844; x_wconf 76' lang='lat' dir='ltr'>librorum</span> <span class='ocrx_word' id='word_1_73' title='bbox 754 1763 800 1812; x_wconf 88' lang='lat' dir='ltr'>ss.</span> <span class='ocrx_word' id='word_1_74' title='bbox 829 1739 1020 1813; x_wconf 88' lang='lat' dir='ltr'>euunciatis</span> <span class='ocrx_word' id='word_1_75' title='bbox 1040 1748 1193 1839; x_wconf 83' lang='lat' dir='ltr'>pugnet,</span> <span class='ocrx_word' id='word_1_76' title='bbox 1228 1739 1281 1812; x_wconf 87' lang='lat' dir='ltr'>val</span> <span class='ocrx_word' id='word_1_77' title='bbox 1305 1739 1404 1837; x_wconf 88' lang='lat' dir='ltr'>plura</span> <span class='ocrx_word' id='word_1_78' title='bbox 1425 1741 1620 1830; x_wconf 88' lang='lat' dir='ltr'>contiueat,</span> <span class='ocrx_word' id='word_1_79' title='bbox 1648 1769 1756 1841; x_wconf 88' lang='lat' dir='ltr'>quam</span> 
     </span>
     <span class='ocr_line' id='line_1_10' title="bbox 245 1857 1755 1958; baseline 0.002 -25"><span class='ocrx_word' id='word_1_80' title='bbox 245 1885 334 1958; x_wconf 92' lang='lat' dir='ltr'>quae</span> <span class='ocrx_word' id='word_1_81' title='bbox 363 1860 479 1933; x_wconf 89' lang='lat' dir='ltr'>diviua</span> <span class='ocrx_word' id='word_1_82' title='bbox 502 1883 565 1932; x_wconf 89' lang='lat' dir='ltr'>nos</span> <span class='ocrx_word' id='word_1_83' title='bbox 591 1858 691 1931; x_wconf 89' lang='lat' dir='ltr'>docet</span> <span class='ocrx_word' id='word_1_84' title='bbox 715 1857 899 1956; x_wconf 84' lang='lat' dir='ltr'>patefactio</span> <span class='ocrx_word' id='word_1_85' title='bbox 911 1891 921 1945; x_wconf 92' lang='lat'>;</span> <span class='ocrx_word' id='word_1_86' title='bbox 952 1883 1033 1932; x_wconf 91' lang='lat' dir='ltr'>nam</span> <span class='ocrx_word' id='word_1_87' title='bbox 1056 1884 1146 1955; x_wconf 89' lang='lat' dir='ltr'>quae</span> <span class='ocrx_word' id='word_1_88' title='bbox 1169 1859 1234 1932; x_wconf 91' lang='lat' dir='ltr'>hoo</span> <span class='ocrx_word' id='word_1_89' title='bbox 1257 1859 1329 1956; x_wconf 85' lang='lat' dir='ltr'>agit</span> <span class='ocrx_word' id='word_1_90' title='bbox 1355 1859 1548 1958; x_wconf 89' lang='lat' dir='ltr'>horumque</span> <span class='ocrx_word' id='word_1_91' title='bbox 1573 1863 1755 1938; x_wconf 86' lang='lat' dir='ltr'>confessio·</span> 
     </span>
     <span class='ocr_line' id='line_1_11' title="bbox 243 1976 1757 2077; baseline 0.003 -25"><span class='ocrx_word' id='word_1_92' title='bbox 243 2002 324 2052; x_wconf 86' lang='lat' dir='ltr'>uem</span> <span class='ocrx_word' id='word_1_93' title='bbox 347 2004 368 2052; x_wconf 92' lang='lat' dir='ltr'>a</span> <span class='ocrx_word' id='word_1_94' title='bbox 392 1979 466 2052; x_wconf 88' lang='lat' dir='ltr'>suis</span> <span class='ocrx_word' id='word_1_95' title='bbox 489 1977 590 2052; x_wconf 87' lang='lat' dir='ltr'>sociis</span> <span class='ocrx_word' id='word_1_96' title='bbox 610 1976 772 2075; x_wconf 87' lang='lat' dir='ltr'>requirit,</span> <span class='ocrx_word' id='word_1_97' title='bbox 796 1977 879 2052; x_wconf 88' lang='lat' dir='ltr'>haec</span> <span class='ocrx_word' id='word_1_98' title='bbox 904 2002 948 2051; x_wconf 93' lang='lat' dir='ltr'>ne</span> <span class='ocrx_word' id='word_1_99' title='bbox 981 1980 1176 2054; x_wconf 73' lang='lat' dir='ltr'>Christiana</span> <span class='ocrx_word' id='word_1_100' title='bbox 1198 1978 1341 2077; x_wconf 87' lang='lat' dir='ltr'>quidem</span> <span class='ocrx_word' id='word_1_101' title='bbox 1360 1978 1529 2068; x_wconf 86' lang='lat' dir='ltr'>Ecclesia,</span> <span class='ocrx_word' id='word_1_102' title='bbox 1550 2006 1606 2054; x_wconf 93' lang='lat' dir='ltr'>me</span> <span class='ocrx_word' id='word_1_103' title='bbox 1623 1981 1757 2072; x_wconf 91' lang='lat' dir='ltr'>iudice,</span> 
     </span>
     <span class='ocr_line' id='line_1_12' title="bbox 243 2095 1758 2184; baseline 0.006 -14"><span class='ocrx_word' id='word_1_104' title='bbox 243 2098 312 2170; x_wconf 91' lang='lat' dir='ltr'>dici</span> <span class='ocrx_word' id='word_1_105' title='bbox 345 2106 506 2172; x_wconf 87' lang='lat' dir='ltr'>meretur.</span> <span class='ocrx_word' id='word_1_106' title='bbox 556 2095 656 2170; x_wconf 88' lang='lat' dir='ltr'>Idem</span> <span class='ocrx_word' id='word_1_107' title='bbox 689 2120 769 2171; x_wconf 90' lang='lat' dir='ltr'>vero</span> <span class='ocrx_word' id='word_1_108' title='bbox 805 2096 841 2170; x_wconf 74' lang='lat' dir='ltr'>et</span> <span class='ocrx_word' id='word_1_109' title='bbox 869 2096 1122 2184; x_wconf 82' lang='lat' dir='ltr'>Christianam,</span> <span class='ocrx_word' id='word_1_110' title='bbox 1154 2097 1190 2171; x_wconf 75' lang='lat' dir='ltr'>et</span> <span class='ocrx_word' id='word_1_111' title='bbox 1214 2097 1450 2172; x_wconf 85' lang='lat' dir='ltr'>Reformatam</span> <span class='ocrx_word' id='word_1_112' title='bbox 1478 2100 1667 2178; x_wconf 87' lang='lat' dir='ltr'>Ecclesiam</span> <span class='ocrx_word' id='word_1_113' title='bbox 1694 2127 1758 2178; x_wconf 88' lang='lat' dir='ltr'>sua</span> 
     </span>
     <span class='ocr_line' id='line_1_13' title="bbox 244 2215 1758 2320; baseline 0.005 -30"><span class='ocrx_word' id='word_1_114' title='bbox 244 2217 396 2315; x_wconf 88' lang='lat' dir='ltr'>gaudere</span> <span class='ocrx_word' id='word_1_115' title='bbox 432 2217 587 2292; x_wconf 85' lang='lat' dir='ltr'>doctrina</span> <span class='ocrx_word' id='word_1_116' title='bbox 618 2215 800 2290; x_wconf 79' lang='lat' dir='ltr'>contendo.</span> <span class='ocrx_word' id='word_1_117' title='bbox 851 2217 928 2290; x_wconf 89' lang='lat' dir='ltr'>Etsi</span> <span class='ocrx_word' id='word_1_118' title='bbox 954 2219 1048 2292; x_wconf 90' lang='lat' dir='ltr'>euim</span> <span class='ocrx_word' id='word_1_119' title='bbox 1074 2218 1153 2317; x_wconf 93' lang='lat' dir='ltr'>plus</span> <span class='ocrx_word' id='word_1_120' title='bbox 1177 2215 1345 2292; x_wconf 83' lang='lat' dir='ltr'>Conditor</span> <span class='ocrx_word' id='word_1_121' title='bbox 1369 2217 1541 2294; x_wconf 85' lang='lat' dir='ltr'>Ecclesiae</span> <span class='ocrx_word' id='word_1_122' title='bbox 1570 2222 1758 2320; x_wconf 86' lang='lat' dir='ltr'>spectavit,</span> 
     </span>
     <span class='ocr_line' id='line_1_14' title="bbox 244 2333 1756 2435; baseline 0.005 -24"><span class='ocrx_word' id='word_1_123' title='bbox 244 2361 350 2435; x_wconf 91' lang='lat' dir='ltr'>quam</span> <span class='ocrx_word' id='word_1_124' title='bbox 389 2344 524 2411; x_wconf 87' lang='lat' dir='ltr'>mentes</span> <span class='ocrx_word' id='word_1_125' title='bbox 555 2342 691 2408; x_wconf 85' lang='lat' dir='ltr'>nostras</span> <span class='ocrx_word' id='word_1_126' title='bbox 723 2333 914 2424; x_wconf 88' lang='lat' dir='ltr'>illustrare,</span> <span class='ocrx_word' id='word_1_127' title='bbox 952 2360 1015 2411; x_wconf 91' lang='lat' dir='ltr'>uec</span> <span class='ocrx_word' id='word_1_128' title='bbox 1047 2338 1206 2434; x_wconf 84' lang='lat' dir='ltr'>Systema</span> <span class='ocrx_word' id='word_1_129' title='bbox 1242 2335 1415 2410; x_wconf 88' lang='lat' dir='ltr'>doctrinae</span> <span class='ocrx_word' id='word_1_130' title='bbox 1452 2339 1649 2416; x_wconf 90' lang='lat' dir='ltr'>absolutum</span> <span class='ocrx_word' id='word_1_131' title='bbox 1688 2341 1756 2418; x_wconf 72' lang='lat' dir='ltr'>tr&#39;a·</span> 
     </span>
     <span class='ocr_line' id='line_1_15' title="bbox 244 2451 1758 2556; baseline 0.005 -27"><span class='ocrx_word' id='word_1_132' title='bbox 244 2453 355 2540; x_wconf 88' lang='lat' dir='ltr'>didit,</span> <span class='ocrx_word' id='word_1_133' title='bbox 390 2460 507 2527; x_wconf 88' lang='lat' dir='ltr'>tamen</span> <span class='ocrx_word' id='word_1_134' title='bbox 541 2451 635 2526; x_wconf 82' lang='lat' dir='ltr'>venit</span> <span class='ocrx_word' id='word_1_135' title='bbox 669 2476 808 2551; x_wconf 92' lang='lat' dir='ltr'>quoque</span> <span class='ocrx_word' id='word_1_136' title='bbox 843 2453 889 2528; x_wconf 91' lang='lat' dir='ltr'>ad</span> <span class='ocrx_word' id='word_1_137' title='bbox 915 2454 1132 2542; x_wconf 90' lang='lat' dir='ltr'>docendum,</span> <span class='ocrx_word' id='word_1_138' title='bbox 1168 2454 1450 2554; x_wconf 86' lang='lat' dir='ltr'>doctrinamque,</span> <span class='ocrx_word' id='word_1_139' title='bbox 1482 2483 1587 2556; x_wconf 91' lang='lat' dir='ltr'>quam</span> <span class='ocrx_word' id='word_1_140' title='bbox 1612 2486 1633 2536; x_wconf 90' lang='lat' dir='ltr'>a</span> <span class='ocrx_word' id='word_1_141' title='bbox 1655 2463 1758 2536; x_wconf 91' lang='lat' dir='ltr'>Patre</span> 
     </span>
     <span class='ocr_line' id='line_1_16' title="bbox 244 2547 1759 2672; baseline 0.005 -23"><span class='ocrx_word' id='word_1_142' title='bbox 244 2580 442 2672; x_wconf 86' lang='lat' dir='ltr'>acceperat,</span> <span class='ocrx_word' id='word_1_143' title='bbox 485 2595 566 2646; x_wconf 88' lang='lat' dir='ltr'>curn</span> <span class='ocrx_word' id='word_1_144' title='bbox 602 2571 802 2646; x_wconf 88' lang='lat' dir='ltr'>homiuibus</span> <span class='ocrx_word' id='word_1_145' title='bbox 835 2575 1159 2649; x_wconf 89' lang='lat' dir='ltr'>communicandam</span> <span class='ocrx_word' id='word_1_146' title='bbox 1171 2547 1256 2665; x_wconf 72' lang='lat'>¹⁸1){</span> <span class='ocrx_word' id='word_1_147' title='bbox 1293 2576 1350 2650; x_wconf 92' lang='lat' dir='ltr'>cui</span> <span class='ocrx_word' id='word_1_148' title='bbox 1377 2578 1519 2650; x_wconf 90' lang='lat' dir='ltr'>consilio</span> <span class='ocrx_word' id='word_1_149' title='bbox 1552 2587 1588 2652; x_wconf 91' lang='lat' dir='ltr'>et</span> <span class='ocrx_word' id='word_1_150' title='bbox 1623 2581 1759 2657; x_wconf 89' lang='lat' dir='ltr'>muneri</span> 
     </span>
    </p>
   </div>
   <div class='ocr_carea' id='block_1_4' title="bbox 244 2689 1856 2795">
    <p class='ocr_par' dir='ltr' id='par_1_4' title="bbox 244 2689 1856 2795">
     <span class='ocr_line' id='line_1_17' title="bbox 244 2689 1856 2795; baseline 0.005 -31"><span class='ocrx_word' id='word_1_151' title='bbox 244 2716 315 2790; x_wconf 92' lang='lat' dir='ltr'>quo</span> <span class='ocrx_word' id='word_1_152' title='bbox 346 2691 450 2765; x_wconf 90' lang='lat' dir='ltr'>modo</span> <span class='ocrx_word' id='word_1_153' title='bbox 485 2689 707 2776; x_wconf 84' lang='lat' dir='ltr'>satisfecerit,</span> <span class='ocrx_word' id='word_1_154' title='bbox 739 2698 812 2765; x_wconf 89' lang='lat' dir='ltr'>tota</span> <span class='ocrx_word' id='word_1_155' title='bbox 845 2693 920 2766; x_wconf 89' lang='lat' dir='ltr'>eius</span> <span class='ocrx_word' id='word_1_156' title='bbox 953 2693 1023 2768; x_wconf 90' lang='lat' dir='ltr'>vita</span> <span class='ocrx_word' id='word_1_157' title='bbox 1054 2719 1116 2767; x_wconf 92' lang='lat' dir='ltr'>nos</span> <span class='ocrx_word' id='word_1_158' title='bbox 1147 2692 1248 2766; x_wconf 89' lang='lat' dir='ltr'>docet</span> <span class='ocrx_word' id='word_1_159' title='bbox 1263 2693 1339 2782; x_wconf 74' lang='lat'>¹³²).</span> <span class='ocrx_word' id='word_1_160' title='bbox 1379 2693 1481 2770; x_wconf 89' lang='lat' dir='ltr'>Hanc</span> <span class='ocrx_word' id='word_1_161' title='bbox 1503 2696 1611 2795; x_wconf 87' lang='lat' dir='ltr'>igitur</span> <span class='ocrx_word' id='word_1_162' title='bbox 1635 2699 1758 2774; x_wconf 90' lang='lat' dir='ltr'>doctri·</span> <span class='ocrx_word' id='word_1_163' title='bbox 1854 2757 1856 2764; x_wconf 93' lang='lat'><em>.</em></span> 
     </span>
    </p>
   </div>
   <div class='ocr_carea' id='block_1_5' title="bbox 205 2808 1760 3624">
    <p class='ocr_par' dir='ltr' id='par_1_5' title="bbox 205 2808 1760 3624">
     <span class='ocr_line' id='line_1_18' title="bbox 242 2808 1758 2910; baseline 0.004 -26"><span class='ocrx_word' id='word_1_164' title='bbox 242 2835 324 2884; x_wconf 91' lang='lat' dir='ltr'>nam</span> <span class='ocrx_word' id='word_1_165' title='bbox 361 2808 506 2908; x_wconf 89' lang='lat' dir='ltr'>accipiat</span> <span class='ocrx_word' id='word_1_166' title='bbox 537 2816 573 2882; x_wconf 92' lang='lat' dir='ltr'>et</span> <span class='ocrx_word' id='word_1_167' title='bbox 604 2809 809 2882; x_wconf 87' lang='lat' dir='ltr'>confiteatur</span> <span class='ocrx_word' id='word_1_168' title='bbox 839 2810 1013 2899; x_wconf 83' lang='lat' dir='ltr'>Ecclesia,</span> <span class='ocrx_word' id='word_1_169' title='bbox 1057 2834 1147 2909; x_wconf 91' lang='lat' dir='ltr'>quae</span> <span class='ocrx_word' id='word_1_170' title='bbox 1189 2810 1389 2882; x_wconf 74' lang='lat' dir='ltr'>Christiana</span> <span class='ocrx_word' id='word_1_171' title='bbox 1426 2809 1495 2885; x_wconf 89' lang='lat' dir='ltr'>dici</span> <span class='ocrx_word' id='word_1_172' title='bbox 1524 2813 1656 2910; x_wconf 87' lang='lat' dir='ltr'>possit,</span> <span class='ocrx_word' id='word_1_173' title='bbox 1699 2840 1758 2890; x_wconf 92' lang='lat' dir='ltr'>ne-</span> 
     </span>
     <span class='ocr_line' id='line_1_19' title="bbox 243 2927 1760 3029; baseline 0.003 -24"><span class='ocrx_word' id='word_1_174' title='bbox 243 2954 338 3006; x_wconf 90' lang='lat' dir='ltr'>cesse</span> <span class='ocrx_word' id='word_1_175' title='bbox 363 2936 426 3004; x_wconf 89' lang='lat' dir='ltr'>est.</span> <span class='ocrx_word' id='word_1_176' title='bbox 469 2930 547 3002; x_wconf 91' lang='lat' dir='ltr'>Irno</span> <span class='ocrx_word' id='word_1_177' title='bbox 569 2952 613 3001; x_wconf 91' lang='lat' dir='ltr'>ne</span> <span class='ocrx_word' id='word_1_178' title='bbox 637 2928 781 3028; x_wconf 90' lang='lat' dir='ltr'>cogitari</span> <span class='ocrx_word' id='word_1_179' title='bbox 803 2929 945 3028; x_wconf 89' lang='lat' dir='ltr'>quidem</span> <span class='ocrx_word' id='word_1_180' title='bbox 969 2938 1083 3029; x_wconf 89' lang='lat' dir='ltr'>potest</span> <span class='ocrx_word' id='word_1_181' title='bbox 1106 2927 1279 3015; x_wconf 86' lang='lat' dir='ltr'>Ecclesia,</span> <span class='ocrx_word' id='word_1_182' title='bbox 1313 2927 1380 3002; x_wconf 89' lang='lat' dir='ltr'>nisi</span> <span class='ocrx_word' id='word_1_183' title='bbox 1409 2933 1597 3020; x_wconf 86' lang='lat' dir='ltr'>confitens,</span> <span class='ocrx_word' id='word_1_184' title='bbox 1629 2932 1697 3008; x_wconf 90' lang='lat' dir='ltr'>nisi</span> <span class='ocrx_word' id='word_1_185' title='bbox 1721 2936 1760 3009; x_wconf 93' lang='lat' dir='ltr'>id</span> 
     </span>
     <span class='ocr_line' id='line_1_20' title="bbox 245 3044 1760 3148; baseline 0.004 -26"><span class='ocrx_word' id='word_1_186' title='bbox 245 3049 340 3148; x_wconf 93' lang='lat' dir='ltr'>quod</span> <span class='ocrx_word' id='word_1_187' title='bbox 373 3047 501 3134; x_wconf 86' lang='lat' dir='ltr'>credit,</span> <span class='ocrx_word' id='word_1_188' title='bbox 538 3044 645 3120; x_wconf 88' lang='lat' dir='ltr'>libere</span> <span class='ocrx_word' id='word_1_189' title='bbox 676 3046 919 3145; x_wconf 89' lang='lat' dir='ltr'>pronuncians.</span> <span class='ocrx_word' id='word_1_190' title='bbox 968 3047 1445 3136; x_wconf 88' lang='lat' dir='ltr'>Quodautemconfitetur,</span> <span class='ocrx_word' id='word_1_191' title='bbox 1474 3050 1657 3148; x_wconf 90' lang='lat' dir='ltr'>quidest,</span> <span class='ocrx_word' id='word_1_192' title='bbox 1692 3054 1760 3128; x_wconf 93' lang='lat' dir='ltr'>nisi</span> 
     </span>
     <span class='ocr_line' id='line_1_21' title="bbox 244 3165 1759 3267; baseline 0.004 -25"><span class='ocrx_word' id='word_1_193' title='bbox 244 3168 421 3256; x_wconf 88' lang='lat' dir='ltr'>doctrina;</span> <span class='ocrx_word' id='word_1_194' title='bbox 454 3191 559 3265; x_wconf 90' lang='lat' dir='ltr'>quarn</span> <span class='ocrx_word' id='word_1_195' title='bbox 589 3165 740 3266; x_wconf 87' lang='lat' dir='ltr'>cogitare</span> <span class='ocrx_word' id='word_1_196' title='bbox 769 3190 839 3242; x_wconf 90' lang='lat' dir='ltr'>non</span> <span class='ocrx_word' id='word_1_197' title='bbox 862 3191 1067 3267; x_wconf 87' lang='lat' dir='ltr'>possumus,</span> <span class='ocrx_word' id='word_1_198' title='bbox 1101 3167 1170 3240; x_wconf 92' lang='lat' dir='ltr'>nisi</span> <span class='ocrx_word' id='word_1_199' title='bbox 1193 3173 1287 3241; x_wconf 88' lang='lat' dir='ltr'>certa</span> <span class='ocrx_word' id='word_1_200' title='bbox 1309 3168 1478 3266; x_wconf 90' lang='lat' dir='ltr'>quaedam</span> <span class='ocrx_word' id='word_1_201' title='bbox 1503 3170 1629 3267; x_wconf 89' lang='lat' dir='ltr'>placita</span> <span class='ocrx_word' id='word_1_202' title='bbox 1651 3175 1759 3248; x_wconf 90' lang='lat' dir='ltr'>conti·</span> 
     </span>
     <span class='ocr_line' id='line_1_22' title="bbox 243 3285 1760 3390; baseline 0.003 -27"><span class='ocrx_word' id='word_1_203' title='bbox 243 3296 395 3363; x_wconf 88' lang='lat' dir='ltr'>nentem.</span> <span class='ocrx_word' id='word_1_204' title='bbox 439 3285 626 3385; x_wconf 87' lang='lat' dir='ltr'>Cogitaudi</span> <span class='ocrx_word' id='word_1_205' title='bbox 660 3285 867 3384; x_wconf 92' lang='lat' dir='ltr'>dicendique</span> <span class='ocrx_word' id='word_1_206' title='bbox 893 3285 1088 3361; x_wconf 86' lang='lat' dir='ltr'>libertatem</span> <span class='ocrx_word' id='word_1_207' title='bbox 1109 3294 1248 3361; x_wconf 90' lang='lat' dir='ltr'>strenue</span> <span class='ocrx_word' id='word_1_208' title='bbox 1269 3287 1412 3385; x_wconf 89' lang='lat' dir='ltr'>quidem</span> <span class='ocrx_word' id='word_1_209' title='bbox 1434 3301 1697 3390; x_wconf 85' lang='lat' dir='ltr'>propugnarunt</span> <span class='ocrx_word' id='word_1_210' title='bbox 1719 3317 1760 3368; x_wconf 91' lang='lat' dir='ltr'>ac</span> 
     </span>
     <span class='ocr_line' id='line_1_23' title="bbox 205 3389 1759 3493; baseline 0.001 -11"><span class='ocrx_word' id='word_1_211' title='bbox 205 3453 210 3462; x_wconf 82' lang='lat'><strong>·</strong></span> <span class='ocrx_word' id='word_1_212' title='bbox 246 3408 465 3482; x_wconf 81' lang='lat' dir='ltr'>vindicarunt</span> <span class='ocrx_word' id='word_1_213' title='bbox 488 3405 762 3493; x_wconf 86' lang='lat' dir='ltr'>Reformatoras;</span> <span class='ocrx_word' id='word_1_214' title='bbox 788 3405 850 3479; x_wconf 91' lang='lat' dir='ltr'>sed</span> <span class='ocrx_word' id='word_1_215' title='bbox 871 3405 1066 3481; x_wconf 88' lang='lat' dir='ltr'>libertatem</span> <span class='ocrx_word' id='word_1_216' title='bbox 1087 3389 1351 3493; x_wconf 70' lang='lat' dir='ltr'>iutelleaerunt,</span> <span class='ocrx_word' id='word_1_217' title='bbox 1378 3431 1455 3479; x_wconf 91' lang='lat' dir='ltr'>vero</span> <span class='ocrx_word' id='word_1_218' title='bbox 1479 3407 1636 3485; x_wconf 76' lang='lat' dir='ltr'>Canum</span> <span class='ocrx_word' id='word_1_219' title='bbox 1658 3411 1759 3485; x_wconf 91' lang='lat' dir='ltr'>disci-</span> 
     </span>
     <span class='ocr_line' id='line_1_24' title="bbox 243 3524 1760 3624; baseline 0.003 -24"><span class='ocrx_word' id='word_1_220' title='bbox 243 3527 327 3624; x_wconf 91' lang='lat' dir='ltr'>pulo</span> <span class='ocrx_word' id='word_1_221' title='bbox 362 3526 505 3624; x_wconf 89' lang='lat' dir='ltr'>diguam</span> <span class='ocrx_word' id='word_1_222' title='bbox 521 3525 611 3616; x_wconf 77' lang='lat'>¹³³),</span> <span class='ocrx_word' id='word_1_223' title='bbox 645 3548 813 3623; x_wconf 90' lang='lat' dir='ltr'>suamque</span> <span class='ocrx_word' id='word_1_224' title='bbox 840 3524 908 3623; x_wconf 94' lang='lat' dir='ltr'>ipsi</span> <span class='ocrx_word' id='word_1_225' title='bbox 940 3525 1153 3612; x_wconf 86' lang='lat' dir='ltr'>doctrinam,</span> <span class='ocrx_word' id='word_1_226' title='bbox 1189 3524 1362 3600; x_wconf 89' lang='lat' dir='ltr'>Ecclesiae</span> <span class='ocrx_word' id='word_1_227' title='bbox 1385 3526 1760 3604; x_wconf 84' lang='lat' dir='ltr'>Romano-Catholicae</span> 
     </span>
    </p>
   </div>
   <div class='ocr_carea' id='block_1_6' title="bbox 246 3643 1912 3744">
    <p class='ocr_par' dir='ltr' id='par_1_6' title="bbox 246 3643 1912 3744">
     <span class='ocr_line' id='line_1_25' title="bbox 246 3643 1912 3744; baseline 0.002 -27"><span class='ocrx_word' id='word_1_228' title='bbox 246 3645 434 3720; x_wconf 87' lang='lat' dir='ltr'>sententiae</span> <span class='ocrx_word' id='word_1_229' title='bbox 465 3643 680 3744; x_wconf 91' lang='lat' dir='ltr'>oppositam,</span> <span class='ocrx_word' id='word_1_230' title='bbox 718 3643 971 3718; x_wconf 89' lang='lat' dir='ltr'>denunciarunt</span> <span class='ocrx_word' id='word_1_231' title='bbox 982 3645 1061 3736; x_wconf 78' lang='lat'>¹⁸⁴).</span> <span class='ocrx_word' id='word_1_232' title='bbox 1109 3643 1312 3732; x_wconf 87' lang='lat' dir='ltr'>Putatisne,</span> <span class='ocrx_word' id='word_1_233' title='bbox 1348 3643 1539 3742; x_wconf 84' lang='lat' dir='ltr'>agnituros.</span> <span class='ocrx_word' id='word_1_234' title='bbox 1561 3645 1668 3722; x_wconf 85' lang='lat' dir='ltr'>luisse</span> <span class='ocrx_word' id='word_1_235' title='bbox 1701 3675 1759 3724; x_wconf 90' lang='lat' dir='ltr'>eos</span> <span class='ocrx_word' id='word_1_236' title='bbox 1866 3735 1869 3744; x_wconf 19' lang='grc' dir='ltr'><strong><em>Δ</em></strong></span> <span class='ocrx_word' id='word_1_237' title='bbox 1910 3711 1912 3720; x_wconf 81' lang='grc'>,</span> 
     </span>
    </p>
   </div>
   <div class='ocr_carea' id='block_1_7' title="bbox 199 3761 1759 4461">
    <p class='ocr_par' dir='ltr' id='par_1_7' title="bbox 199 3761 1759 4461">
     <span class='ocr_line' id='line_1_26' title="bbox 199 3761 1759 3865; baseline 0.008 -35"><span class='ocrx_word' id='word_1_238' title='bbox 199 3823 205 3830; x_wconf 91' lang='grc'><strong>.</strong></span> <span class='ocrx_word' id='word_1_239' title='bbox 244 3788 308 3862; x_wconf 90' lang='lat' dir='ltr'>pro</span> <span class='ocrx_word' id='word_1_240' title='bbox 343 3764 437 3850; x_wconf 85' lang='lat' dir='ltr'>suia,</span> <span class='ocrx_word' id='word_1_241' title='bbox 471 3763 532 3862; x_wconf 93' lang='lat' dir='ltr'>qui</span> <span class='ocrx_word' id='word_1_242' title='bbox 566 3764 620 3837; x_wconf 83' lang='lat' dir='ltr'>vel</span> <span class='ocrx_word' id='word_1_243' title='bbox 655 3785 828 3836; x_wconf 90' lang='lat' dir='ltr'>summam</span> <span class='ocrx_word' id='word_1_244' title='bbox 851 3763 1029 3837; x_wconf 91' lang='lat' dir='ltr'>Pontificis</span> <span class='ocrx_word' id='word_1_245' title='bbox 1051 3762 1201 3838; x_wconf 88' lang='lat' dir='ltr'>Romani</span> <span class='ocrx_word' id='word_1_246' title='bbox 1225 3761 1482 3851; x_wconf 86' lang='lat' dir='ltr'>auctoritatem,</span> <span class='ocrx_word' id='word_1_247' title='bbox 1516 3764 1570 3838; x_wconf 84' lang='lat' dir='ltr'>&#39;vel</span> <span class='ocrx_word' id='word_1_248' title='bbox 1593 3767 1759 3865; x_wconf 90' lang='lat' dir='ltr'>placitum</span> 
     </span>
     <span class='ocr_line' id='line_1_27' title="bbox 246 3880 1759 3980; baseline 0.003 -24"><span class='ocrx_word' id='word_1_249' title='bbox 246 3884 291 3957; x_wconf 97' lang='lat' dir='ltr'>de</span> <span class='ocrx_word' id='word_1_250' title='bbox 318 3883 473 3957; x_wconf 90' lang='lat' dir='ltr'>Ecclesia</span> <span class='ocrx_word' id='word_1_251' title='bbox 504 3883 578 3957; x_wconf 85' lang='lat' dir='ltr'>falli</span> <span class='ocrx_word' id='word_1_252' title='bbox 608 3881 744 3968; x_wconf 90' lang='lat' dir='ltr'>nescia,</span> <span class='ocrx_word' id='word_1_253' title='bbox 782 3881 837 3954; x_wconf 87' lang='lat' dir='ltr'>vel</span> <span class='ocrx_word' id='word_1_254' title='bbox 859 3881 1253 3957; x_wconf 85' lang='lat' dir='ltr'>transsubstantiationis</span> <span class='ocrx_word' id='word_1_255' title='bbox 1276 3905 1310 3978; x_wconf 92' lang='lat' dir='ltr'>q.</span> <span class='ocrx_word' id='word_1_256' title='bbox 1335 3880 1379 3954; x_wconf 80' lang='lat' dir='ltr'>d.·</span> <span class='ocrx_word' id='word_1_257' title='bbox 1396 3881 1544 3980; x_wconf 80' lang='lat' dir='ltr'>dogma,</span> <span class='ocrx_word' id='word_1_258' title='bbox 1577 3885 1631 3959; x_wconf 88' lang='lat' dir='ltr'>vel</span> <span class='ocrx_word' id='word_1_259' title='bbox 1654 3887 1759 3962; x_wconf 91' lang='lat' dir='ltr'>inter-</span> 
     </span>
     <span class='ocr_line' id='line_1_28' title="bbox 246 3999 1759 4101; baseline 0.004 -25"><span class='ocrx_word' id='word_1_260' title='bbox 246 4002 410 4078; x_wconf 88' lang='lat' dir='ltr'>cessionis</span> <span class='ocrx_word' id='word_1_261' title='bbox 439 4004 665 4088; x_wconf 89' lang='lat' dir='ltr'>Sanctorum,</span> <span class='ocrx_word' id='word_1_262' title='bbox 697 3999 902 4075; x_wconf 88' lang='lat' dir='ltr'>nominatim</span> <span class='ocrx_word' id='word_1_263' title='bbox 925 4002 1082 4076; x_wconf 76' lang='lat' dir='ltr'>Macran</span> <span class='ocrx_word' id='word_1_264' title='bbox 1102 4001 1197 4101; x_wconf 89' lang='lat' dir='ltr'>apud</span> <span class='ocrx_word' id='word_1_265' title='bbox 1218 4002 1334 4074; x_wconf 90' lang='lat' dir='ltr'>Deum</span> <span class='ocrx_word' id='word_1_266' title='bbox 1355 4000 1622 4101; x_wconf 79' lang='lat' dir='ltr'>Guarsruuque</span> <span class='ocrx_word' id='word_1_267' title='bbox 1642 4028 1759 4082; x_wconf 87' lang='lat' dir='ltr'>neces·</span> 
     </span>
     <span class='ocr_line' id='line_1_29' title="bbox 246 4120 1758 4222; baseline 0.003 -26"><span class='ocrx_word' id='word_1_268' title='bbox 246 4124 406 4210; x_wconf 80' lang='lat' dir='ltr'>ritatem,</span> <span class='ocrx_word' id='word_1_269' title='bbox 442 4120 497 4196; x_wconf 88' lang='lat' dir='ltr'>vel</span> <span class='ocrx_word' id='word_1_270' title='bbox 533 4122 704 4196; x_wconf 90' lang='lat' dir='ltr'>bonorum</span> <span class='ocrx_word' id='word_1_271' title='bbox 729 4145 873 4220; x_wconf 89' lang='lat' dir='ltr'>operum</span> <span class='ocrx_word' id='word_1_272' title='bbox 897 4121 966 4193; x_wconf 89' lang='lat' dir='ltr'>vim</span> <span class='ocrx_word' id='word_1_273' title='bbox 991 4121 1199 4196; x_wconf 87' lang='lat' dir='ltr'>meritoriam</span> <span class='ocrx_word' id='word_1_274' title='bbox 1223 4121 1390 4196; x_wconf 85' lang='lat' dir='ltr'>docerent</span> <span class='ocrx_word' id='word_1_275' title='bbox 1411 4145 1452 4194; x_wconf 88' lang='lat' dir='ltr'>ac</span> <span class='ocrx_word' id='word_1_276' title='bbox 1471 4129 1758 4222; x_wconf 84' lang='lat' dir='ltr'>propugnarent?</span> 
     </span>
     <span class='ocr_line' id='line_1_30' title="bbox 246 4239 1757 4343; baseline -0.001 -24"><span class='ocrx_word' id='word_1_277' title='bbox 246 4243 372 4321; x_wconf 72' lang='lat' dir='ltr'>Quid?</span> <span class='ocrx_word' id='word_1_278' title='bbox 393 4242 489 4342; x_wconf 91' lang='lat' dir='ltr'>quod</span> <span class='ocrx_word' id='word_1_279' title='bbox 513 4241 609 4316; x_wconf 87' lang='lat' dir='ltr'>robis</span> <span class='ocrx_word' id='word_1_280' title='bbox 629 4240 697 4340; x_wconf 93' lang='lat' dir='ltr'>ipsi</span> <span class='ocrx_word' id='word_1_281' title='bbox 717 4240 950 4316; x_wconf 90' lang='lat' dir='ltr'>contradicitis</span> <span class='ocrx_word' id='word_1_282' title='bbox 956 4272 966 4328; x_wconf 88' lang='lat'>;</span> <span class='ocrx_word' id='word_1_283' title='bbox 989 4264 1071 4316; x_wconf 90' lang='lat' dir='ltr'>nam</span> <span class='ocrx_word' id='word_1_284' title='bbox 1086 4241 1232 4328; x_wconf 90' lang='lat' dir='ltr'>fiducia,</span> <span class='ocrx_word' id='word_1_285' title='bbox 1254 4240 1292 4313; x_wconf 94' lang='lat' dir='ltr'>in</span> <span class='ocrx_word' id='word_1_286' title='bbox 1310 4239 1387 4312; x_wconf 92' lang='lat' dir='ltr'>Deo</span> <span class='ocrx_word' id='word_1_287' title='bbox 1410 4239 1641 4340; x_wconf 82' lang='lat' dir='ltr'>Caarsroque</span> <span class='ocrx_word' id='word_1_288' title='bbox 1659 4269 1757 4343; x_wconf 90' lang='lat' dir='ltr'>repo·</span> 
     </span>
     <span class='ocr_line' id='line_1_31' title="bbox 245 4357 1756 4461; baseline 0.001 -24"><span class='ocrx_word' id='word_1_289' title='bbox 245 4361 380 4448; x_wconf 88' lang='lat' dir='ltr'>nenda,</span> <span class='ocrx_word' id='word_1_290' title='bbox 414 4385 520 4458; x_wconf 90' lang='lat' dir='ltr'>quam</span> <span class='ocrx_word' id='word_1_291' title='bbox 542 4367 633 4436; x_wconf 90' lang='lat' dir='ltr'>recte</span> <span class='ocrx_word' id='word_1_292' title='bbox 656 4359 878 4459; x_wconf 87' lang='lat' dir='ltr'>praedicatis,</span> <span class='ocrx_word' id='word_1_293' title='bbox 907 4384 1022 4437; x_wconf 86' lang='lat' dir='ltr'>nonne</span> <span class='ocrx_word' id='word_1_294' title='bbox 1043 4360 1142 4461; x_wconf 91' lang='lat' dir='ltr'>ponit</span> <span class='ocrx_word' id='word_1_295' title='bbox 1163 4358 1291 4435; x_wconf 88' lang='lat' dir='ltr'>mentis</span> <span class='ocrx_word' id='word_1_296' title='bbox 1317 4357 1574 4456; x_wconf 89' lang='lat' dir='ltr'>persuasionem</span> <span class='ocrx_word' id='word_1_297' title='bbox 1596 4363 1640 4437; x_wconf 92' lang='lat' dir='ltr'>de</span> <span class='ocrx_word' id='word_1_298' title='bbox 1660 4365 1756 4454; x_wconf 93' lang='lat' dir='ltr'>Deo,</span> 
     </span>
    </p>
   </div>
   <div class='ocr_carea' id='block_1_8' title="bbox 246 4477 1892 4570">
    <p class='ocr_par' dir='ltr' id='par_1_8' title="bbox 246 4477 1892 4570">
     <span class='ocr_line' id='line_1_32' title="bbox 246 4477 1892 4570; baseline 0.004 -18"><span class='ocrx_word' id='word_1_299' title='bbox 246 4479 335 4554; x_wconf 87' lang='lat' dir='ltr'>bane</span> <span class='ocrx_word' id='word_1_300' title='bbox 356 4479 457 4558; x_wconf 87' lang='lat' dir='ltr'>uobis</span> <span class='ocrx_word' id='word_1_301' title='bbox 475 4480 629 4570; x_wconf 89' lang='lat' dir='ltr'>volente,</span> <span class='ocrx_word' id='word_1_302' title='bbox 651 4481 695 4556; x_wconf 92' lang='lat' dir='ltr'>de</span> <span class='ocrx_word' id='word_1_303' title='bbox 716 4481 904 4569; x_wconf 81' lang='lat' dir='ltr'>Ganrsro,</span> <span class='ocrx_word' id='word_1_304' title='bbox 927 4481 1028 4556; x_wconf 90' lang='lat' dir='ltr'>unico</span> <span class='ocrx_word' id='word_1_305' title='bbox 1048 4489 1166 4559; x_wconf 91' lang='lat' dir='ltr'>nostro</span> <span class='ocrx_word' id='word_1_306' title='bbox 1176 4481 1442 4564; x_wconf 80' lang='lat' dir='ltr'>Conservatore,</span> <span class='ocrx_word' id='word_1_307' title='bbox 1471 4477 1637 4558; x_wconf 85' lang='lat' dir='ltr'>divinitus</span> <span class='ocrx_word' id='word_1_308' title='bbox 1655 4483 1756 4558; x_wconf 90' lang='lat' dir='ltr'>nobis</span> <span class='ocrx_word' id='word_1_309' title='bbox 1887 4539 1892 4548; x_wconf 82' lang='lat'><strong>·</strong></span> 
     </span>
    </p>
   </div>
   <div class='ocr_carea' id='block_1_9' title="bbox 245 4596 1755 4948">
    <p class='ocr_par' dir='ltr' id='par_1_9' title="bbox 245 4596 1755 4948">
     <span class='ocr_line' id='line_1_33' title="bbox 246 4596 1754 4702; baseline 0.005 -29"><span class='ocrx_word' id='word_1_310' title='bbox 246 4599 351 4689; x_wconf 88' lang='lat' dir='ltr'>dato,</span> <span class='ocrx_word' id='word_1_311' title='bbox 373 4599 567 4700; x_wconf 87' lang='lat' dir='ltr'>dignoque,</span> <span class='ocrx_word' id='word_1_312' title='bbox 585 4601 622 4676; x_wconf 89' lang='lat' dir='ltr'>in</span> <span class='ocrx_word' id='word_1_313' title='bbox 641 4627 712 4702; x_wconf 90' lang='lat' dir='ltr'>quo</span> <span class='ocrx_word' id='word_1_314' title='bbox 733 4625 873 4677; x_wconf 91' lang='lat' dir='ltr'>omnem</span> <span class='ocrx_word' id='word_1_315' title='bbox 894 4609 1047 4677; x_wconf 89' lang='lat' dir='ltr'>nostram</span> <span class='ocrx_word' id='word_1_316' title='bbox 1066 4625 1274 4702; x_wconf 88' lang='lat' dir='ltr'>reponamus</span> <span class='ocrx_word' id='word_1_317' title='bbox 1294 4596 1486 4671; x_wconf 78' lang='lat' dir='ltr'>fiduciam?</span> <span class='ocrx_word' id='word_1_318' title='bbox 1520 4597 1618 4676; x_wconf 91' lang='lat' dir='ltr'>Haec</span> <span class='ocrx_word' id='word_1_319' title='bbox 1636 4610 1754 4679; x_wconf 89' lang='lat' dir='ltr'>autem</span> 
     </span>
     <span class='ocr_line' id='line_1_34' title="bbox 245 4715 1753 4822; baseline 0.004 -30"><span class='ocrx_word' id='word_1_320' title='bbox 245 4743 360 4794; x_wconf 87' lang='lat' dir='ltr'>nonne</span> <span class='ocrx_word' id='word_1_321' title='bbox 385 4719 530 4819; x_wconf 85' lang='lat' dir='ltr'>placita,</span> <span class='ocrx_word' id='word_1_322' title='bbox 563 4746 591 4796; x_wconf 84' lang='lat' dir='ltr'>s.</span> <span class='ocrx_word' id='word_1_323' title='bbox 615 4721 780 4820; x_wconf 86' lang='lat' dir='ltr'>dogmata</span> <span class='ocrx_word' id='word_1_324' title='bbox 805 4727 903 4808; x_wconf 91' lang='lat' dir='ltr'>suut,</span> <span class='ocrx_word' id='word_1_325' title='bbox 930 4727 1021 4820; x_wconf 80' lang='lat' dir='ltr'>qua&#39;e</span> <span class='ocrx_word' id='word_1_326' title='bbox 1043 4743 1247 4820; x_wconf 88' lang='lat' dir='ltr'>cognoscere</span> <span class='ocrx_word' id='word_1_327' title='bbox 1271 4725 1307 4792; x_wconf 91' lang='lat' dir='ltr'>et</span> <span class='ocrx_word' id='word_1_328' title='bbox 1328 4715 1488 4814; x_wconf 89' lang='lat' dir='ltr'>amplecti</span> <span class='ocrx_word' id='word_1_329' title='bbox 1512 4743 1575 4795; x_wconf 87' lang='lat' dir='ltr'>nos</span> <span class='ocrx_word' id='word_1_330' title='bbox 1597 4731 1753 4822; x_wconf 86' lang='lat' dir='ltr'>oportet,</span> 
     </span>
     <span class='ocr_line' id='line_1_35' title="bbox 246 4835 1755 4948; baseline 0.005 -36"><span class='ocrx_word' id='word_1_331' title='bbox 246 4845 288 4912; x_wconf 89' lang='lat' dir='ltr'>ut</span> <span class='ocrx_word' id='word_1_332' title='bbox 312 4840 388 4915; x_wconf 89' lang='lat' dir='ltr'>Dec</span> <span class='ocrx_word' id='word_1_333' title='bbox 413 4840 649 4940; x_wconf 85' lang='lat' dir='ltr'>Ouarsroque</span> <span class='ocrx_word' id='word_1_334' title='bbox 673 4840 779 4916; x_wconf 87' lang='lat' dir='ltr'>fidem</span> <span class='ocrx_word' id='word_1_335' title='bbox 800 4838 926 4915; x_wconf 89' lang='lat' dir='ltr'>habere</span> <span class='ocrx_word' id='word_1_336' title='bbox 952 4839 1144 4943; x_wconf 70' lang='lat' dir='ltr'>posumus!</span> <span class='ocrx_word' id='word_1_337' title='bbox 1183 4840 1274 4914; x_wconf 88' lang='lat' dir='ltr'>Sunt</span> <span class='ocrx_word' id='word_1_338' title='bbox 1295 4835 1404 4936; x_wconf 88' lang='lat' dir='ltr'>igitur</span> <span class='ocrx_word' id='word_1_339' title='bbox 1426 4835 1462 4912; x_wconf 92' lang='lat' dir='ltr'>in</span> <span class='ocrx_word' id='word_1_340' title='bbox 1485 4837 1755 4948; x_wconf 79' lang='lat' dir='ltr'>Protestantium</span> 
     </span>
    </p>
   </div>
   <div class='ocr_carea' id='block_1_10' title="bbox 0 0 2450 6180">
    <p class='ocr_par' dir='ltr' id='par_1_10' title="bbox 0 0 2450 6180">
     <span class='ocr_line' id='line_1_36' title="bbox 0 0 2450 6180; baseline 0 0"><span class='ocrx_word' id='word_1_341' title='bbox 0 0 2450 6180; x_wconf 95' lang='lat' dir='ltr'> </span> 
     </span>
    </p>
   </div>
  </div>
 </body>
</html>
