4892 6184
713 695 759 764 bd
1245 690 1281 759 F.
1321 691 1361 758 G.
1403 688 1700 760 unuani

711 905 829 996 novis,
875 903 1089 992 difficihbue,
1132 899 1393 1000 audacibusque
1421 897 1698 999 operationibus,
1732 893 1828 995 quod
1856 898 2036 992 tantopere
2062 899 2166 969 aucta
2195 900 2232 970 et

712 1029 871 1125 promota
914 1023 993 1097 est?
1052 1017 1161 1094 Haud
1202 1018 1343 1094 deluere
1383 1017 1537 1118 prolecto
1569 1016 1675 1091 basius
1707 1015 1844 1116 generis
1871 1037 1961 1090 nova
1992 1013 2151 1102 inventa,
2192 1039 2233 1090 ac

712 1144 830 1220 nulllus
853 1141 923 1217 lere
947 1146 1000 1215 ast
1023 1138 1120 1228 dies,
1150 1137 1237 1236 quin
1260 1162 1282 1212 a
1308 1138 1410 1214 variis
1432 1136 1565 1214 clinicis
1587 1135 1709 1212 nuncii
1734 1135 1836 1212 nohis
1859 1133 2048 1210 afferantur
2065 1157 2233 1212 novarum

709 1262 829 1363 paritis
847 1261 1087 1360 ehiruugorum
1108 1256 1273 1334 manibus
1289 1257 1460 1333 factarum
1482 1257 1739 1357 operationum,
1770 1280 1858 1355 quas
1875 1253 2019 1331 omnino
2035 1254 2113 1328 fieri
2129 1277 2231 1354 posse

710 1383 856 1460 maiores
877 1381 987 1456 nostri
1007 1380 1123 1457 animo
1150 1380 1208 1454 vix
1229 1403 1269 1454 aa
1287 1402 1332 1455 no
1358 1377 1415 1452 vix
1440 1378 1585 1476 quidem
1604 1374 1895 1476 comprehendere
1918 1381 2114 1472 potuerant.
2154 1376 2232 1450 Nec

710 1510 827 1578 tamen
844 1502 908 1576 hos
926 1509 1064 1600 egomet
1082 1499 1166 1576 artis
1179 1499 1392 1600 chirurgicos
1401 1497 1576 1600 profectus
1587 1495 1859 1584 nominaverim,
1879 1518 1968 1593 quos
1978 1492 2061 1570 lecit
2070 1495 2233 1570 audacter

708 1621 933 1721 periclitando
969 1621 1023 1696 vel
1056 1627 1186 1696 temere
1218 1619 1397 1709 conando,
1431 1641 1502 1695 non
1529 1619 1596 1695 hoc
1627 1617 1792 1718 equidem
1817 1614 2063 1716 gravimimnm
2087 1616 2234 1692 dixerim

707 1741 961 1816 incrementum
995 1742 1091 1840 quod
1128 1741 1239 1840 oepit,
1273 1765 1356 1816 cum
1380 1739 1456 1840 ipsa
1478 1747 1603 1816 natura
1628 1738 1811 1814 scriberet
1834 1736 1993 1812 ferociter
2017 1736 2232 1827 conflictata3

710 1861 773 1936 sed
796 1860 882 1960 quid
906 1861 1048 1936 tandem
1069 1869 1139 1950 est,
1163 1860 1311 1960 rogatis,
1326 1884 1397 1959 quo
1422 1865 1619 1959 comparato
1642 1863 1822 1957 tantopere
1839 1855 2007 1956 glorietur
2024 1863 2060 1931 et
2084 1857 2233 1956 gestiat?

708 1982 851 2081 Duplex
875 1981 1009 2058 catilla
1029 2005 1134 2080 quam
1161 1982 1239 2056 volo
1262 1980 1448 2056 hodiernae
1470 1978 1663 2079 chirurgiae
1683 1979 1777 2068 hus,
1801 2000 1908 2077 qnam
1934 1982 2120 2075 utramque
2137 1977 2233 2052 dein·

708 2125 791 2202 ceps
816 2101 987 2178 indicabo.
1038 2101 1155 2175 Primo
1178 2102 1253 2176 loeo
1274 2099 1532 2176 accmatissime
1558 2098 1765 2198 inquisitum
1791 2097 1908 2172 estin
1932 2097 2043 2172 varias
2069 2097 2232 2173 mutatio

708 2241 791 2309 nas,
817 2244 903 2320 quas
924 2219 1085 2294 materies
1105 2219 1251 2316 eiusque
1273 2218 1361 2291 vires
1378 2217 1580 2292 mechanica
1599 2217 1758 2292 adhibita
1778 2243 1884 2316 opera
1907 2215 2079 2304 subeunt;
2106 2215 2233 2292 deinde

706 2361 813 2437 quam
839 2363 904 2436 ego
924 2336 1114 2410 maximam
1145 2335 1285 2413 laudem
1307 2336 1479 2426 dixerim,
1502 2336 1541 2411 in
1563 2359 1605 2410 eo
1630 2336 1791 2412 omnium
1811 2337 1938 2412 virium
1948 2335 2169 2412 contentione
2180 2345 2234 2412 est

705 2458 938 2546 elaboratum,
976 2462 1017 2532 ut
1054 2455 1218 2530 medendi
1239 2457 1391 2532 rationes
1414 2456 1711 2556 excogitarentur,
1740 2457 1870 2556 quibus
1905 2455 2048 2532 affectae
2079 2457 2230 2556 eorporis

705 2586 822 2680 partes
842 2581 1077 2667 servarentur,
1114 2575 1200 2674 quin
1225 2575 1358 2651 deletae
1380 2574 1574 2676 chirurgiae
1593 2601 1661 2676 ope
1684 2578 1906 2653 reficerentur
1933 2584 1970 2653 et
1994 2577 2228 2653 instauraren-

706 2707 777 2774 tur.
827 2695 979 2771 Dabitur
1009 2702 1147 2770 nostrae
1177 2697 1301 2772 aetatis
1332 2695 1527 2796 chirurgiae
1542 2770 1547 2780 ,
1564 2697 1625 2772 ills
1662 2697 1759 2787 laus,
1792 2697 1887 2774 illam
1912 2697 2025 2797 magis
2051 2697 2235 2796 magisque

706 2818 834 2894 lactem
858 2839 934 2892 esse
957 2821 1086 2903 amem,
1117 2815 1168 2890 sit
1190 2817 1290 2891 vania
1313 2816 1438 2907 serbo,
1470 2824 1749 2893 conservantem:
1784 2815 1892 2890 missa
1912 2814 2028 2904 enim,
2059 2821 2235 2913 quantum

706 2937 783 3012 fieri
798 2936 928 3037 possit,
948 2933 1152 3034 periculosa,
1178 2934 1335 3012 dolorosa
1354 2944 1391 3012 et
1411 2936 1678 3037 sanguinolenta
1695 2936 1842 3012 sanandi
1851 2936 2003 3026 ratione,
2027 2934 2232 3010 eoaddncta

707 3063 785 3149 est,
807 3063 849 3132 ut
869 3054 1042 3157 plerisque
1065 3053 1204 3131 casibus
1225 3055 1351 3132 effectu
1374 3057 1470 3133 haud
1493 3057 1611 3132 minus
1632 3063 1726 3131 certo
1748 3055 1796 3132 ad
1819 3055 1972 3131 eundem
1994 3056 2103 3130 linem
2122 3054 2234 3156 possit

709 3175 880 3276 perveniri
912 3197 994 3252 cum
1021 3175 1134 3250 multo
1159 3176 1292 3252 minore
1317 3175 1552 3252 laborantium
1575 3176 1713 3266 dolore,
1743 3176 1857 3276 iisque
1880 3175 2017 3253 evitatis
2043 3175 2231 3250 mutilatio·

706 3299 832 3389 nibus,
856 3321 945 3398 quas
963 3296 1001 3370 in
1020 3295 1195 3371 nonnullis
1217 3293 1420 3396 periculosis
1438 3295 1579 3372 casibus
1603 3303 1786 3395 tamquam
1806 3297 1946 3372 unicam
1968 3295 2060 3372 viam
2076 3295 2234 3372 solebant

641 3445 648 3460 ·
706 3418 939 3507 considerare,
956 3440 1026 3516 qua
1044 3417 1091 3492 ad
1111 3416 1258 3492 salutem
1274 3416 1438 3516 perviniri
1458 3422 1585 3517 posset.
1614 3417 1692 3493 Iam
1713 3439 1794 3491 vero
1806 3417 1898 3491 inter
1914 3415 2090 3515 optimum
2108 3438 2230 3515 quem·

705 3561 775 3638 qua
797 3539 1038 3636 chirurgorum
1063 3536 1168 3612 tacito
1188 3537 1366 3627 convenit,
1401 3537 1592 3613 dummodo
1614 3536 1730 3612 morbi
1755 3536 1889 3612 mnatio
1913 3535 2003 3612 nihil
2022 3535 2105 3612 inde
2125 3535 2230 3611 detri-

704 3657 816 3732 menti
837 3656 969 3756 capiat,
1003 3655 1161 3755 religiose
1184 3656 1436 3732 abstinendum
1460 3681 1536 3732 esee
1558 3657 1604 3732 ab
1627 3680 1838 3756 unaquaque
1859 3655 1962 3731 dubii
1980 3661 2126 3732 eventus
2148 3678 2231 3755 ope·

705 3777 858 3864 ratione,
881 3775 982 3849 cuius
1005 3775 1180 3851 inlocum
1203 3775 1389 3876 simplicior
1412 3783 1519 3877 atque
1544 3777 1661 3852 minus
1681 3776 2031 3877 pericnlmacnrandi
2042 3774 2230 3850 methodus

706 3895 818 3996 possit
842 3893 1019 3969 substitui.
1048 3893 1173 3992 Neque
1195 3895 1261 3970 hoo
1283 3897 1335 3972 ita
1355 3897 1459 3973 velim
1480 3897 1677 3997 accipiatis,
1695 3897 1742 3973 A.
1761 3896 1831 3972 Hi
1854 3921 1896 3972 ac
1914 3896 1945 3970 si
1966 3896 2062 3973 haud
2079 3895 2229 3996 amplius

707 4014 855 4091 dixerim
878 4013 1057 4114 chirurgos
1080 4012 1243 4103 inveniri,
1268 4017 1330 4114 qui
1352 4016 1498 4092 audacia
1526 4023 1632 4117 atque
1655 4017 1764 4117 impia
1782 4016 1980 4093 temeritate
2002 4041 2086 4116 prae
2106 4014 2229 4092 ceteris

707 4131 871 4210 excellere
896 4139 932 4206 at
951 4131 1171 4208 inclarescere
1195 4133 1361 4212 nitantur.
1410 4137 1561 4212 Exstant
1586 4137 1694 4213 ebeni
1720 4135 1914 4236 hodieque,
1939 4136 2002 4212 sed
2023 4159 2143 4212 eornm
2163 4158 2227 4210 na-

705 4254 755 4328 tio
779 4252 999 4352 ahquantum
1022 4259 1076 4328 est
1100 4252 1283 4331 diminuta.

753 4371 932 4462 Debetur,
977 4371 1142 4472 inquam,
1177 4380 1315 4449 nostroe
1347 4375 1472 4450 aetatis
1505 4375 1698 4476 chirurgiae
1730 4377 1815 4452 artis
1851 4377 2086 4454 conservantis
2120 4381 2227 4475 atque

704 4492 931 4568 restaurantis
962 4491 1189 4568 honorificum
1217 4517 1367 4585 nomen,
1396 4495 1561 4595 quoniam
1584 4495 1744 4572 medetur
1770 4496 2050 4574 mutilationibus
2075 4502 2112 4574 et
2137 4493 2228 4570 tollit

708 4611 809 4699 vitia,
835 4635 925 4710 quae
948 4611 1022 4687 tolli
1042 4637 1142 4712 posse
1165 4613 1338 4690 maiomm
1365 4607 1563 4692 noenum
1584 4615 1716 4691 nemini
1739 4618 1897 4694 animum
1922 4617 2041 4694 subiit.
2082 4617 2227 4695 sQuan·

652 4787 658 4792 -
707 4731 870 4832 topera,’'
912 4730 967 4809 Ol.
995 4731 1105 4808 Ronx
1137 4733 1239 4822 dicit,
1266 4731 1508 4834 chirurgorum
1530 4735 1860 4813 Franco-Gallorum
1880 4737 2072 4813 Nestoret
2101 4736 2228 4823 decus,

707 4849 780 4927 vita
801 4851 998 4952 nuperrime
1020 4851 1224 4946 defunctus,
1251 4861 1485 4957 sqnantopera
1505 4857 1788 4958 exasperavimus
1808 4848 2055 4960 quodcumque
2075 4857 2229 4934 velante
