4892 6184
883 703 1162 773 enarro.
1368 784 1372 791 ,
1710 706 1773 773 aar

260 911 497 1013 aliquatenus,
531 912 663 989 litteras
686 913 848 1013 antiquas
867 937 937 989 non
964 914 1066 989 utiles
1090 937 1166 988 esse
1191 933 1233 985 ec
1256 932 1380 997 sensu,
1413 931 1483 1006 quo
1504 930 1598 984 nunc
1623 907 1694 985 fere
1719 909 1772 985 in·

259 1032 440 1132 telligunt,
475 1056 540 1108 nec
578 1033 650 1108 ism
684 1030 788 1107 hodie
824 1056 938 1133 neque
977 1034 1142 1132 ad‚opes
1178 1028 1395 1129 singulorum
1425 1027 1623 1127 sugendas,
1660 1052 1800 1131 neque

258 1150 305 1225 ad
340 1148 488 1225 dvitatm
522 1150 678 1250 regimen
715 1157 778 1225 aut
811 1149 1046 1225 multitudinis
1077 1149 1212 1225 cultum
1246 1146 1378 1248 ingenii
1408 1148 1561 1222 multum
1588 1148 1773 1240 interesse,

260 1275 379 1343 utrum
425 1268 462 1343 in
503 1270 626 1345 eadem
666 1268 805 1344 civitate
844 1270 990 1346 Iatinae
1033 1270 1253 1366 Graecaeque
1294 1267 1427 1343 litterae
1470 1266 1614 1341 floreant
1653 1292 1772 1346 necne.

258 1388 352 1462 Eunt
385 1386 476 1477 iam,
515 1396 753 1488 quaerantque
789 1389 892 1465 aliam
927 1387 1086 1489 quamvis
1121 1386 1361 1487 disciplinam,
1393 1410 1482 1485 quae
1517 1392 1570 1461 tet
1608 1393 1774 1488 tantaque

258 1504 450 1581 concedens
484 1506 699 1596 inveniatur3
737 1506 951 1605 reperientur
991 1506 1113 1605 opinor
1148 1504 1360 1603 permultae,
1396 1527 1486 1601 quae
1524 1528 1637 1604 neque
1676 1530 1773 1604 prse-

259 1623 440 1700 teriterum
475 1625 579 1701 laude
616 1626 746 1725 insigni
780 1632 925 1701 utantur
957 1631 993 1699 et
1021 1624 1221 1700 etiamnunc
1251 1622 1545 1699 demonstraturus
1575 1648 1674 1701 suam
1706 1626 1777 1701 sint

258 1743 527 1843 praestantiam,
567 1769 657 1843 quae
691 1753 808 1820 tamen
848 1751 958 1819 semet
989 1744 1083 1843 ipsas
1114 1740 1324 1818 admirantes
1358 1740 1451 1816 hunc
1486 1742 1670 1819 candorem
1704 1770 1775 1821 non

258 1862 499 1938 imitabuntur.
566 1865 641 1939 Nos
674 1863 784 1963 igitur
814 1862 845 1937 si
884 1862 970 1963 quid
998 1861 1219 1938 retinendum
1253 1884 1450 1951 censemus,
1484 1862 1514 1936 si
1550 1862 1652 1938 nobis
1688 1865 1776 1963 quid

258 1980 370 2080 abripi
400 2006 471 2056 non
507 1983 680 2081 patimur,
718 2008 760 2058 eo
792 1982 904 2081 magis
936 1982 1103 2058 audiendi
1139 2004 1283 2071 sumus,
1319 1966 1484 2079 quoniam
1501 1996 1586 2057 'nec
1626 1983 1776 2084 denega·

258 2100 372 2176 vimus
401 2126 491 2200 quae
523 2104 599 2178 iure
630 2101 880 2203 poscebantur,
914 2124 1185 2201 possumusque,
1215 2101 1246 2174 si
1279 2098 1432 2188 luberet,
1464 2100 1535 2176 iam
1566 2126 1660 2177 nunc
1696 2110 1778 2201 post

259 2220 366 2295 vitam
399 2222 631 2297 diutissimam
666 2247 780 2323 neque
813 2221 996 2322 ingloriam
1026 2220 1170 2296 honeste
1198 2219 1328 2318 perire,
1354 2219 1424 2294 sive
1456 2243 1616 2311 arenam,
1641 2221 1671 2295 si
1697 2223 1776 2320 quis

258 2337 297 2413 id
333 2337 451 2427 malit,
482 2340 677 2418 iunioribus
707 2342 911 2441 relinquere.
975 2341 1047 2415 Sed
1079 2341 1279 2417 etiamnunc
1312 2346 1498 2438 supersunt
1525 2340 1631 2429 vires,
1660 2364 1775 2439 neque
1890 2397 1893 2423 ,
1960 2443 1963 2451 y

260 2458 359 2533 aliter
396 2460 629 2535 concessimus
668 2484 774 2561 quam
809 2460 841 2535 si
871 2460 1183 2561 obtemperandum
1223 2458 1289 2534 erit
1320 2482 1461 2535 normae
1499 2457 1705 2550 hodiernae,
1739 2462 1776 2536 in

264 2602 372 2677 quam
394 2578 507 2677 ipsam
527 2581 721 2657 accuratius
741 2585 839 2675 nunc
860 2579 1002 2679 quidem
1023 2603 1093 2655 non
1117 2578 1354 2678 inquiremus,
1378 2584 1415 2653 et
1434 2577 1534 2653 cuius
1558 2578 1690 2678 absque
1706 2580 1777 2656 ullo
1881 2668 1892 2691 s
1990 2580 1995 2591 '

264 2696 373 2771 dubio
403 2697 493 2774 hanc
528 2700 651 2775 saltem
677 2708 812 2800 partem
847 2723 918 2773 nen
934 2698 1207 2775 ,observabimus
1235 2698 1376 2797 siquae
1402 2697 1490 2773 torte
1510 2698 1561 2773 nil
1574 2688 1687 2773 'fuerit
1709 2700 1778 2775 nisi

261 2816 513 2915 praetereuntis
532 2819 603 2895 diei
625 2818 742 2919 opinio
762 2818 947 2919 popularis.
996 2818 1342 2894 Non-intermortuae
1360 2822 1445 2892 sunt
1466 2802 1598 2893 litterae
1618 2826 1776 2906 nostrae,

261 2960 378 3035 neque
413 2938 571 3013 studium
600 2940 837 3039 antiquitatis,
872 2937 967 3038 quod
1000 2936 1112 3037 magis
1140 2960 1326 3036 apparere,
1356 2943 1392 3012 et
1415 2936 1550 3011 firmius
1575 2936 1690 3013 evinci
1716 2962 1778 3013 ne·

264 3054 365 3154 quit,
389 3080 496 3156 quam
521 3057 552 3131 si
574 3058 870 3146 demonstremus,
895 3056 986 3132 hanc
1005 3055 1223 3155 disciplinam
1246 3056 1300 3130 vel
1325 3078 1440 3144 nunc,
1464 3063 1543 3155 post
1566 3062 1620 3131 tct
1641 3057 1778 3132 saecula

263 3178 299 3250 e't
334 3181 449 3249 tantas
482 3198 599 3251 rerum
626 3176 906 3265 immutationes,
941 3175 1056 3251 locum
1088 3174 1255 3249 suumin
1283 3173 1510 3252 informandis
1537 3175 1707 3274 ingeniis,
1743 3182 1779 3249 et

262 3301 379 3368 mente
416 3294 569 3373 humana
605 3297 792 3372 excolenda
822 3278 891 3371 rite
923 3294 1032 3382 tueri,
1066 3300 1102 3367 et
1132 3293 1275 3391 quidem
1304 3295 1371 3383 sic,
1401 3300 1443 3368 ut
1465 3294 1607 3399 omnino
1628 3294 1778 3391 relinqui

263 3433 327 3487 uec
362 3413 493 3487 dimitti
525 3422 641 3512 queat
691 3416 730 3489 Is
757 3420 876 3490 autem
909 3413 1005 3489 locus
1029 3420 1083 3485 est
1107 3411 1146 3484 in
1171 3411 1351 3486 iuventute
1373 3411 1597 3487 instituenda
1648 3412 1775 3487 Osten·

264 3530 373 3620 dam,
401 3540 437 3605 et
472 3555 577 3606 usum
608 3556 685 3607 esse
713 3532 906 3609 litterarum
930 3555 1049 3630 ‚quam
1085 3530 1296 3619 maximum,
1328 3530 1358 3605 si
1392 3530 1534 3607 seorsim
1559 3538 1776 3631 spectamus,

237 3661 377 3749 ¹neque
405 3648 490 3726 alies
523 3676 624 3751 posse
657 3651 855 3751 disciplinas
886 3650 1065 3726 inearum
1091 3651 1205 3726 locum
1229 3650 1410 3725 commode
1433 3650 1635 3742 succedere,
1660 3651 1776 3729 dicen·
1906 3652 1910 3661 '

264 3770 420 3868 dumque
451 3769 525 3845 erit
547 3770 592 3845 de
617 3771 757 3860 vcausis,
788 3796 878 3870 quae
898 3769 961 3845 has
979 3768 1164 3846 iuvenibus
1185 3770 1371 3870 puerisque
1394 3772 1603 3847 necessarias
1623 3768 1779 3847 efficiunt

264 3898 300 3963 et
320 3888 494 3965 fructibus
511 3888 593 3966 inde
613 3891 792 3990 petendu,
815 3890 1051 3990 adiungantm
1068 3890 1219 3990 denique
1241 3891 1373 3967 monita
1391 3890 1561 3989 quaedam
1580 3891 1626 3967 de
1644 3891 1778 3968 ratione

264 4032 334 4108 qua
355 4009 452 4109 ipsae
473 4008 538 4086 hae
556 4010 691 4087 litterae
709 4010 872 4088 colendae
896 4010 977 4086 sint.
1026 4010 1142 4086 Pauca
1166 4010 1211 4086 de
1232 4010 1378 4110 singulis
1404 4010 1549 4086 tradam.

316 4129 422 4209 Quod
445 4130 554 4230 igitur
578 4130 618 4205 id
640 4132 787 4221 attinet,
811 4128 925 4230 qualis
947 4129 1165 4230 antiquitatis
1189 4129 1235 4206 sit
1257 4155 1361 4219 usus,
1386 4138 1422 4206 et
1444 4132 1777 4231 quaenam‘egregia

264 4248 347 4323 inde
372 4248 503 4325 hauriri
528 4250 683 4350 possint,
716 4276 787 4327 non
812 4249 899 4350 quid
923 4250 1037 4327 dicam
1057 4250 1213 4349 requiro,
1247 4252 1310 4326 sed
1331 4250 1401 4327 lere
1421 4250 1556 4339 nescio,
1589 4250 1675 4349 quid
1695 4250 1776 4325 reti·

267 4392 385 4458 ceam,
409 4377 445 4443 et
466 4369 714 4469 Spartanorum
737 4371 895 4470 exemplo
913 4369 998 4446 haec
1022 4369 1094 4445 fere
1119 4378 1160 4445 ut
1180 4371 1312 4446 nemini
1333 4378 1459 4470 negata
1482 4370 1597 4446 omitti
1622 4380 1775 4470 possent.

267 4486 443 4566 Quoniam
470 4511 570 4577 vero,
594 4489 817 4565 monentibus
838 4488 924 4590 ipsis
945 4488 1138 4580 veteribus,
1162 4489 1320 4565 homines
1339 4513 1441 4588 saepe
1460 4488 1499 4563 id
1520 4490 1616 4589 quod
1635 4491 1776 4581 volunt,

265 4605 433 4697 credam,
467 4607 639 4707 multique
673 4618 792 4686 autem
823 4633 894 4685 uon
930 4610 1077 4685 libenter
1104 4608 1310 4686 invalescere
1333 4615 1475 4685 cernant
1496 4608 1598 4685 hasce
1621 4610 1776 4701 litteras,

264 4725 344 4801 ideo
365 4726 512 4827 carptim
534 4751 672 4803 summa
694 4728 852 4807 referam.
900 4728 1084 4805 Habemus
1108 4729 1217 4830 igitur
1236 4730 1273 4805 in
1293 4735 1448 4804 veterum
1476 4728 1612 4828 scriptis
1638 4729 1777 4807 dicendi

267 4845 507 4948 scribendique
538 4846 767 4949 elegantiam,
801 4873 904 4951 saepe
933 4848 1040 4928 etism
1066 4874 1183 4958 rerum
1209 4848 1442 4951 cognitionem
1473 4872 1573 4941 eam,
1604 4834 1694 4951 quae
1718 4873 1779 4927 ex·
