4892 6184
396 548 414 630 t

654 713 657 720 ’
718 692 914 776 -ΟΒΒΟ
947 691 1275 764 LECTION'UM.
1343 632 1349 647 ·
1714 683 1778 767 189

263 897 356 974 Iovis
388 905 425 973 et
457 881 624 984 Veneris,
659 896 745 973 hora
775 895 852 988 XI,
885 903 1085 976 denatura
1119 900 1217 977 Iunia
1253 908 1343 1003 aget.
1394 902 1525 978 'Iacrrr
1561 901 1778 980 Germaniam

164 1102 168 1111 ,
263 1041 345 1094 eum
367 1015 661 1094 commilitonibus
685 1018 797 1118 leget,
822 1019 906 1095 hora
927 1027 1132 1120 opportuna.

312 1211 615 1312 Disputatiouibus
645 1210 794 1313 publicis
822 1221 859 1288 et
880 1213 1024 1313 privatio
1047 1215 1207 1292 lubenter
1229 1221 1414 1315 praeerunt
1437 1214 1530 1291 Iuris
1553 1147 1776 1294 PrbIeeaoree.

729 1473 785 1547 IN
808 1473 1091 1551 FAOUL'I'ATE
1116 1473 1319 1550 MEDICA.

315 1734 474 1809 Ircoeue
504 1735 635 1808 Bauer
665 1755 714 1808 nn
740 1755 789 1806 na
811 1733 952 1808 Femur
977 1731 1289 1809 diebueMercurii
1308 1738 1345 1807 et
1365 1733 1479 1821 Iovia,
1505 1734 1589 1809 hora
1610 1733 1724 1824 VIII,
1748 1742 1784 1810 et

266 1851 427 1941 Saturni,
462 1850 547 1925 hora
584 1850 661 1939 IX,
696 1850 759 1927 sed
791 1857 871 1951 poet
900 1852 1004 1928 feriae
1030 1851 1234 1941 Paschales,
1268 1850 1394 1926 diebus
1421 1853 1588 1928 Mercurii
1609 1860 1645 1929 et
1667 1853 1783 1942 Iovis,

266 1969 350 2044 hora
371 1969 485 2057 VIII,
508 1968 653 2046 Veneria
677 1978 714 2046 at
737 1971 898 2061 Saturni,
922 1973 1006 2048 hora
1027 1973 1118 2062 VII,
1141 1975 1260 2048 Artem
1293 1973 1530 2047 Obstetrr'riam
1555 1973 1784 2048 cumaeam

189 2077 203 2104 ⁶
267 2094 303 2162 et
318 2087 515 2162 Practicam
535 2097 705 2188 exponet,
729 2095 766 2163 et
783 2088 821 2162 in
841 2089 1049 2165 Nouocomio
1065 2087 1294 2177 Academico,
1314 2090 1361 2163 ad
1379 2090 1645 2190 parturientium
1661 2090 1786 2179 lectos,

266 2205 422 2306 qualibet
457 2206 574 2282 oblata
613 2206 810 2298 occasione,
847 2207 996 2316 practice
1034 2207 1214 2300 instituet,
1256 2206 1380 2282 diebus
1415 2209 1538 2284 Lunae
1575 2218 1611 2284 et
1643 2210 1787 2298 Martio,

266 2326 351 2402 hora
369 2325 481 2415 VIII,
506 2328 634 2400 morbae
655 2329 825 2422 inscrtum
844 2326 1000 2415 docebit;
1028 2326 1231 2424 Therapiaru
1252 2329 1438 2427 abbacialem
1458 2327 1658 2405 morborum
1674 2329 1789 2404 trudet

267 2445 392 2522 diebus
426 2445 567 2533 Lunae,
605 2443 731 2521 Martie
765 2452 801 2521 et
834 2446 1021 2534 Mercurii,
1054 2445 1138 2520 hora
1173 2445 1250 2534 IX,
1284 2453 1322 2520 et
1353 2454 1433 2546 poet
1467 2446 1569 2523 feriae
1604 2448 1789 2524 Paschales

256 2565 372 2656 ¹etiam
398 2563 532 2638 diebus
563 2564 730 2638 Mercurii
760 2572 796 2640 et
821 2566 935 2655 Iovis,
967 2566 1051 2640 hora
1077 2565 1167 2654 VII;
1198 2564 1324 2641 diebus
1352 2567 1539 2655 Mercurii,
1564 2567 1647 2643 bora
1672 2566 1729 2655 X,
1754 2575 1789 2643 et
1939 2651 1944 2660 .

271 2683 432 2770 Saturni,
456 2681 540 2756 hora
564 2681 678 2772 VIII,
703 2684 912 2759 Medicinam
933 2685 1115 2759 Forerraem
1140 2682 1279 2758 docebit
1286 2715 1296 2770 ;
1322 2681 1446 2758 diebus
1469 2683 1611 2772 Lunae,
1633 2684 1727 2759 Iovia
1753 2691 1790 2759 et

210 2814 212 2822 ’
268 2801 430 2890 Saturni,
460 2801 545 2877 hora
575 2800 613 2876 X
637 2801 683 2878 ad
708 2801 807 2892 XII,
831 2803 953 2878 ceteris
982 2801 1125 2891 diebus,
1149 2801 1234 2875 hora
1257 2799 1313 2874 XI
1337 2802 1384 2877 ad
1404 2801 1500 2891 XII,
1523 2802 1561 2876 in
1582 2803 1790 2878 Noaocomio
1955 2821 1961 2833 ⁴

268 2919 478 2996 Academico
505 2922 646 2998 Cliniae
664 2906 967 3006 creandarum,
983 2919 1138 3010 vacabit,
1163 2919 1373 3019 morbosque
1395 2919 1446 2996 ibi
1467 2920 1791 2996 tractutosuberius

268 3047 428 3140 exponet.
478 3039 765 3140 Disputationum
789 3040 959 3117 exercitiis
984 3039 1109 3116 lubens
1135 3038 1279 3116 vacabit.

319 3160 549 3236 Faaucrscur
574 3161 789 3235 Zacuarrae
810 3161 1006 3234 Eaunnrue
1032 3157 1272 3256 Pattolcpiam
1290 3161 1485 3257 pecoralem
1509 3158 1647 3234 docebit
1666 3157 1791 3234 diebus

269 3281 409 3368 Lunae,
442 3280 587 3368 Martis,
619 3279 786 3356 Mercurii
814 3286 850 3354 ct
873 3277 988 3369 Iovis,
1013 3277 1097 3352 hora
1121 3275 1197 3364 IX;
1223 3276 1473 3376 Hbtoloptam,
1498 3276 1624 3352 diebus
1647 3277 1790 3382 Lunae,

268 3398 435 3476 Mercurii
454 3407 490 3472 et
512 3399 624 3490 Iovia,
648 3398 732 3474 hora
754 3397 831 3488 X1;
855 3393 1070 3473 Arrutmuiam
1081 3397 1355 3495 pathohpiaam,
1377 3394 1435 3470 die
1455 3395 1601 3485 Martie,
1617 3393 1702 3470 hora
1714 3393 1791 3485 XI,

269 3517 327 3592 die
355 3516 501 3592 Veneria
528 3517 613 3594 hora
642 3517 736 3592 VIII
760 3525 796 3594 et
819 3517 867 3595 X
917 3515 1233 3594 Exercitationem
1256 3513 1388 3589 cliricia
1412 3512 1450 3588 iu
1473 3513 1682 3590 Nouocomio
1704 3537 1791 3613 quo·

271 3633 357 3711 tidie
380 3634 516 3712 vacabit
540 3636 625 3713 bora
646 3637 678 3713 I.

320 3755 435 3834 larue
459 3755 621 3832 Hrsarrur
645 3757 785 3833 quenrr
814 3757 1026 3858 Obtrurpiam
1053 3753 1192 3832 docebit
1219 3754 1276 3830 die
1299 3750 1445 3843 Martia,
1469 3751 1554 3828 hora
1580 3750 1639 3841 X,
1664 3750 1790 3827 diebus

270 3874 365 3956 lovis
399 3880 436 3950 et
468 3873 630 3970 Veneria,
668 3875 753 3952 hora
787 3874 861 3966 IX,
896 3883 932 3951 et
963 3882 1042 3975 poet
1070 3874 1172 3950 ferias
1204 3871 1388 3947 Paeobalee
1410 3870 1516 3946 etiem
1543 3869 1602 3944 die
1630 3869 1790 3958 Saturni,
1920 3907 1955 3960 ,-

271 3995 356 4070 hora
381 3992 457 4082 IX;
482 3995 682 4071 bertanae
705 3997 748 4071 de
769 3997 893 4071 merdic
915 3992 1215 4071 oculorum‘tradet
1240 3990 1364 4084 diebus
1385 3989 1551 4068 Mercurii
1573 3995 1610 4066 et
1632 3989 1790 4079 Saturni,

271 4114 356 4189 hora
375 4112 451 4189 XII
461 4146 471 4202 ;
504 4115 643 4190 eltnae
664 4116 960 4191 coartationibus
982 4115 1019 4189 in
1038 4112 1247 4188 Nosooomio
1270 4109 1480 4186 Academico
1505 4107 1640 4185 vacabit
1663 4106 1788 4182 diebus

272 4232 415 4322 Lunae,
449 4233 593 4323 Martia,
629 4233 723 4309 Iovia
758 4240 795 4308 et
825 4233 990 4322 Veneris,
1020 4233 1108 4308 hora
1134 4231 1209 4306 XII
1219 4264 1230 4320 ς
1263 4233 1451 4304 Anatomcrr
1479 4229 1629 4326 corpor-ta
1652 4226 1798 4327 tumea

272 4359 422 4452 exponet
444 4352 567 4428 diebus
588 4353 773 4442 Mercurii,
794 4354 906 4444 Iovis,
924 4352 1069 4430 Veneria
1089 4358 1125 4426 et
1143 4337 1303 4438 Saturni,
1327 4349 1411 4423 hora
1429 4345 1481 4420 IV
1491 4379 1501 4435 ;
1523 4347 1789 4421 Deiectionibua

274 4473 471 4546 cadaverum
495 4474 694 4547 anaomiar
718 4479 872 4572 tempore
895 4478 1090 4574 opportur'ro
1114 4467 1338 4545 instituendis
1363 4465 1518 4566 quotidie
1540 4463 1699 4563 praeerit.

325 4589 485 4667 Isarcus
505 4614 581 4665 vau
602 4592 707 4666 Deru
729 4591 978 4694 Ptyeiolcpiam
992 4593 1170 4692 aperialem
1190 4586 1329 4663 docebit
1346 4584 1471 4661 diebus
1487 4585 1626 4674 Lunae,
1646 4581 1789 4670 Martie,

275 4705 464 4798 Mercurii,
498 4712 584 4787 hora
614 4710 707 4785 VIII
739 4719 775 4786 et
801 4711 857 4787 die
888 4711 1048 4802 Saturni,
1081 4709 1165 4784 hora
1194 4705 1252 4781 IX
1259 4739 1271 4796 ;
1300 4705 1552 4806 Ptyeiolopiam
1576 4704 1792 4804 pererrem,

279 4826 404 4906 diebus
428 4830 521 4908 Iovia
548 4840 584 4908 et
609 4831 776 4923 VenerIe,
799 4835 883 4908 hora
899 4830 1016 4945 -Vmi
1041 4829 1277 4941 Iterrediorurr
1298 4828 1450 4926 effectum
1473 4825 1792 4925 erchanpertum

558 5121 566 5165 t
