4892 6184
858 711 1138 780 ORATIO.
1710 709 1754 778 3⁷

240 921 318 988 tum
350 920 422 1005 est,
458 921 499 990 ut
532 939 642 991 novus
673 915 743 992 iem
769 919 995 1020 anteplastiae
1020 925 1138 1021 pateat
1165 941 1330 1017 campus,
1354 941 1399 993 cx
1417 941 1487 1017 quo
1510 941 1582 992 non
1605 916 1755 1016 amplius

240 1036 277 1110 in
313 1034 385 1110 sole
413 1041 493 1112 cute
522 1038 758 1138 experimenta
786 1039 916 1130 facere,
949 1040 1144 1118 sedetiam
1176 1039 1380 1114 reficiendae
1408 1045 1565 1114 texturae
1595 1060 1757 1112 mucosac

242 1154 405 1230 inservire
426 1155 548 1256 coepit.
589 1158 714 1258 Itaque
737 1185 807 1236 non
831 1161 980 1263 amplius
1000 1159 1207 1260 autoplastie
1228 1166 1374 1234 cutonea
1385 1164 1522 1232 tantum
1535 1165 1669 1247 exstat,
1694 1157 1756 1232 sed

242 1275 347 1350 etiam
380 1276 588 1378 autoplestia
617 1279 800 1380 visceralis.
840 1281 923 1356 Viro
946 1281 1133 1356 clarissimo
1157 1281 1296 1354 Ioanar
1319 1301 1368 1351 nn
1390 1278 1596 1352 Lannannn
1618 1277 1696 1352 laus
1721 1285 1757 1351 et

243 1396 353 1472 honos
387 1397 535 1472 debetur
574 1424 699 1476 novam
741 1391 852 1490 hanc,
896 1399 1172 1500 staphyloraphia
1210 1398 1282 1473 iam
1322 1404 1560 1495 praeparatam
1600 1405 1757 1496 partem,

246 1517 472 1615 autoplastiae
503 1519 677 1595 addidisse
710 1527 815 1618 atque
840 1520 969 1595 morbis
996 1544 1098 1618 opem
1127 1517 1268 1604 tulisse,
1294 1515 1422 1615 quibus
1449 1517 1612 1593 curandis
1636 1541 1759 1593 sanan·

246 1635 370 1734 disque
390 1637 473 1711 artis
495 1638 648 1712 medicae
673 1638 806 1713 alumni
827 1635 923 1713 haud
946 1663 1046 1737 pares
1066 1661 1141 1711 esse
1164 1642 1267 1710 antea
1287 1636 1435 1711 confessi
1448 1645 1555 1713 crant.
1607 1637 1699 1717 Quis
1708 1645 1762 1712 cst

245 1755 369 1830 harum
403 1779 519 1830 rerum
560 1755 713 1856 peritus,
750 1757 835 1857 quin
872 1757 996 1831 vitium
1035 1757 1124 1832 illud
1160 1779 1368 1854 organorum
1396 1756 1762 1856 genito-miseriorum

245 1874 400 1963 noverit,
433 1874 551 1974 quod,
581 1875 661 1974 plus
682 1877 789 1952 semel
808 1885 949 1977 partum
971 1876 1089 1952 statim
1109 1876 1328 1963 insecutum,
1354 1875 1461 1950 vitam
1485 1875 1677 1951 infelicium
1698 1876 1763 1950 hoc

248 1993 340 2068 malo
365 2000 567 2070 vexatarum
593 1995 800 2071 feminarum
825 1996 1046 2072 atrocissimis
1077 2001 1276 2094 corrumpat
1303 1994 1501 2083 doloribus,
1534 1995 1620 2095 quin
1641 1994 1765 2070 reddat

250 2113 309 2188 vix
330 2112 479 2189 vitalem.
529 2115 625 2190 Iacet
651 2114 801 2214 denique
824 2116 985 2216 pertinax
1006 2115 1064 2190 ille
1084 2121 1190 2214 atque
1212 2114 1347 2189 tamdiu
1362 2114 1511 2190 invictus
1529 2116 1653 2204 hostis,
1674 2115 1767 2214 grati

251 2233 472 2332 agnoscimus
505 2234 658 2310 fistulam
674 2234 1006 2334 ·vesico-vaginalem
1034 2242 1070 2309 et
1090 2234 1263 2308 uterinam
1286 2257 1398 2331 gnava
1422 2237 1578 2310 Ionnarr
1595 2235 1768 2310 industria

249 2352 295 2427 iis
323 2352 424 2428 malis
455 2352 526 2427 iam
559 2378 634 2428 esse
660 2353 977 2442 adnumerandam,
1010 2377 1157 2452 quornm
1188 2352 1402 2427 sanationem
1426 2354 1666 2452 unusquisque
1690 2378 1768 2429 eru·

253 2472 349 2548 ditus
374 2478 409 2546 et
433 2479 556 2548 cautus
579 2472 762 2572 chirurgus
782 2474 994 2548 confidenter
1015 2455 1124 2570 possit
1147 2471 1331 2569 suscipere.
1438 2563 1445 2576 θ

249 2637 252 2644 =
303 2592 467 2690 Iongum
501 2597 555 2666 est
585 2598 621 2665 et
650 2591 873 2691 aproposito
896 2599 1012 2665 nostro
1039 2590 1192 2664 alienum
1215 2613 1337 2662 omnes
1362 2589 1524 2690 deinceps
1544 2615 1767 2681 enumerare,

254 2734 341 2812 quos
360 2710 397 2785 in
421 2709 566 2808 singulis
587 2709 746 2810 partibus
769 2717 907 2786 nostrae
928 2710 1050 2786 aetatis
1073 2708 1247 2807 chirurgia
1264 2707 1409 2807 plastica
1427 2708 1546 2785 fecerit
1555 2735 1769 2811 progressus.

97 2829 107 2838 “
250 2833 296 2906 Iu
319 2831 522 2906 memoriam
539 2854 715 2907 revocasse
743 2831 908 2921 sufficiat,
940 2837 1150 2931 quantopere
1171 2826 1452 2928 staphyloraphia
1473 2837 1510 2905 et
1532 2830 1773 2932 palatoplastia

254 2951 501 3052 experimentis
522 2950 674 3027 virorum
699 2951 1016 3051 expertissimorum
1041 2951 1168 3038 Roux,
1192 2948 1677 3039 Drnrrnrsrcn,Bi‘rua1rss
1701 2949 1774 3045 (cui

254 3071 335 3146 duri
370 3071 477 3171 palati
509 3071 650 3147 lacuum
682 3073 823 3148 materie
855 3097 954 3147 ossea
986 3071 1123 3170 explere
1152 3067 1315 3166 contigit)
1348 3068 1419 3142 sint
1439 3081 1637 3169 promotae,
1667 3095 1772 3169 quarn

255 3188 391 3264 felicem
410 3211 549 3288 operam
564 3183 1017 3290 navaverintrhindplastiae
1030 3188 1304 3277 Linonnancrr,
1328 3187 1583 3287 cheiloplastiae
1594 3191 1774 3280 ansrus,

256 3307 542 3409 urethroplastiae
574 3310 775 3400 Nnrnrorr,
808 3307 1092 3410 perineoplostiae
1115 3307 1278 3404 „Isaram
1320 3307 1446 3399 Roux,
1487 3309 1775 3401 Drnrrnnascrr,

217 3491 221 3500 .
257 3437 302 3506 ιιι
327 3428 370 3504 de
393 3428 535 3528 reliquis
558 3436 701 3506 mecam.

304 3550 432 3650 Itaque
463 3557 580 3626 nostra
611 3559 723 3626 aetate
753 3575 823 3627 non
845 3550 959 3627 solum
984 3556 1103 3626 renata
1124 3555 1177 3624 est
1197 3550 1444 3649 rhinoplastia,
1477 3551 1540 3624 sed
1560 3555 1776 3625 exstructum

259 3676 398 3745 vastum
427 3669 591 3770 plasticae
625 3671 819 3771 chirurgiae
853 3671 1068 3758 aedificium,
1106 3693 1214 3768 quae,
1255 3668 1479 3744 atrocissimis
1504 3667 1606 3744 msfis
1635 3693 1777 3768 operam

260 3787 346 3862 dum
379 3787 465 3877 fert,
497 3790 626 3866 auxilio
657 3798 712 3866 est
746 3789 984 3865 laborantibus
1016 3796 1123 3888 atque
1159 3788 1227 3863 arti
1251 3794 1389 3863 nostrae
1413 3787 1626 3887 chirurgicos
1648 3787 1779 3886 insigni

208 3959 214 3970 ,
259 3907 400 3981 honoril
440 3909 551 4008 Atqui
586 3908 675 3985 forte
710 3909 755 3984 sit
784 3909 846 4008 qui
874 3908 967 3984 dicat
997 3908 1158 4009 plastices
1188 3908 1403 4007 operationes
1428 3907 1511 3982 deo
1536 3906 1679 3981 minoris
1702 3931 1778 3982 osse

261 4027 431 4102 momenti
466 4033 502 4102 et
530 4029 654 4127 pretii,
692 4053 798 4127 quam
828 4028 918 4110 eli'us¹
937 4020 1074 4129 generis
1095 4027 1331 4127 operationes,
1364 4027 1461 4128 quod
1484 4050 1555 4101 non
1577 4028 1669 4100 fiunt
1689 4026 1779 4102 vitae

138 4253 142 4260 .
263 4147 515 4224 conservandae
547 4149 679 4247 gratio3
711 4149 755 4224 iis
787 4149 872 4224 scito
895 4139 1042 4224 alterum
1066 4149 1236 4248 procreari
1260 4149 1414 4237 bonum,
1438 4146 1509 4222 vita
1532 4146 1609 4245 ipsa
1631 4145 1687 4219 vix
1713 4146 1778 4220 mi-

262 4289 331 4340 nus
351 4267 561 4367 pretiosum;
593 4269 746 4344 efficiunt
773 4268 925 4358 scilicet,
948 4275 990 4343 ιιι
1013 4267 1084 4343 vita
1106 4267 1221 4344 denuo
1245 4267 1423 4381 fruantur,
1448 4262 1780 4366 quibusvitafuerat

264 4406 336 4459 non
360 4382 489 4460 fructui
513 4394 548 4461 et
571 4385 748 4476 felicitati,
774 4387 836 4462 sed
858 4387 973 4464 taedio
997 4394 1033 4461 et
1055 4386 1161 4463 oneri.

316 4487 476 4580 Alterum
497 4511 550 4580 est
567 4506 676 4581 nostri
700 4505 865 4607 temporis
888 4505 1084 4597 inventurn,
1110 4530 1179 4605 quo
1199 4505 1442 4594 confimatur,
1463 4503 1781 4603 quodinorationis

264 4619 410 4700 introitu
431 4623 551 4722 posui,
575 4625 787 4726 chirurgiam
814 4625 940 4702 factm
964 4633 1162 4703 csseartem
1180 4632 1439 4700 conservantem
1458 4631 1495 4698 et
1513 4623 1779 4713 instaurantem,
1918 4683 1921 4691 .

267 4741 528 4841 orthcpaodiam
551 4743 628 4820 dico
651 4747 869 4845 operativum.
1186 4815 1191 4834 ι

318 4859 571 4964 Orthopaediae
616 4865 811 4964 operativae
836 4864 1011 4945 ,invontm
1049 4862 1211 4942 meritum
1249 4870 1365 4941 totum
1396 4872 1450 4941 est
1478 4871 1616 4941 nostae
1647 4863 1781 4942 aetatis
