4892 6184
858 674 1136 741 ORATIO.
1696 678 1759 743 295

242 906 311 957 nus
340 904 402 981 per
432 879 566 980 aliquot
591 900 729 954 meuses
750 878 874 966 ultim‘a
902 880 1078 957 barbarias
1101 881 1183 955 hnic
1211 878 1305 955 orbis
1328 886 1497 959 terrarum
1529 881 1619 983 parti
1644 880 1759 957 immi·

242 1001 377 1090 nuent,
411 1023 482 1076 nou
517 998 713 1100 prohibuit,
748 1024 819 1099 quo
859 1002 978 1076 minus
1017 997 1284 1088 admirabiliter,
1318 1000 1445 1090 fateor,
1481 999 1757 1101 potentissimam

241 1130 376 1223 regeret
400 1120 575 1196 civitatem
603 1119 662 1193 ills
685 1119 784 1219 ipsa,
806 1121 868 1219 qui
890 1121 1064 1221 quomodo
1087 1145 1128 1196 ea
1153 1120 1285 1220 potitus
1309 1119 1353 1194 sit
1379 1145 1449 1197 non
1473 1121 1586 1197 dicere
1610 1129 1762 1223 praestat

241 1249 483 1343 praeterquam
505 1240 572 1329 sic,
596 1237 773 1315 neminem
796 1265 914 1339 possa,
938 1240 997 1316 cui
1018 1240 1128 1315 virtus
1144 1239 1184 1313 in
1202 1246 1340 1339 pectore
1365 1239 1500 1339 integra
1523 1252 1659 1330 manet,
1684 1266 1761 1317 eam

240 1359 369 1460 agendi
394 1359 565 1445 rationem
596 1382 669 1433 non
698 1360 841 1435 omnino
869 1360 1044 1436 damnare.
1098 1361 1150 1434 At
1174 1381 1342 1457 quorsum
1376 1358 1460 1435 haec
1484 1362 1668 1460 spectant?
1716 1363 1760 1437 Id

229 1463 453 1566 bstendunt,
467 1478 665 1569 auditores,
681 1502 750 1554 non
765 1504 866 1579 possa
879 1502 993 1579 neque
1007 1479 1226 1553 inventorum
1241 1477 1400 1566 laudem,
1413 1486 1475 1553 aut
1487 1480 1646 1578 physicas
1660 1470 1761 1558 disci·

242 1596 356 1696 plinas
379 1598 539 1695 quamvis
561 1606 598 1675 et
620 1598 778 1698 egregias
790 1607 826 1675 et
839 1598 908 1673 late
920 1605 1099 1697 patentes,
1114 1596 1168 1671 vel
1183 1595 1332 1671 civitatis
1346 1598 1656 1696 prudentissimum
1671 1602 1759 1702 regi·

241 1739 344 1803 men,
365 1715 560 1791 libertatem
581 1718 736 1816 deniqne
753 1718 926 1817 amplam,
945 1696 1269 1817 atemperatissims
1281 1715 1363 1791 inde
1375 1717 1421 1792 ad
1433 1717 1653 1795 immodicam
1665 1720 1761 1797 illam

240 1841 278 1908 et
294 1833 519 1924 effrenatam,
534 1825 671 1935 semper
684 1835 871 1935 impedire,
887 1860 959 1935 quo
977 1835 1096 1911 miuus
1113 1834 1168 1909 vel
1180 1834 1335 1933 tyrannis
1347 1832 1532 1935 derepente
1543 1838 1691 1929 oriatur,
1707 1840 1761 1915 vel

242 1953 402 2051 pessimis
417 1952 552 2029 artibus
566 1954 809 2055 triumphetur.
840 1955 942 2046 Quod
953 1980 1016 2056 per
1029 1961 1165 2044 nostras
1177 1953 1309 2029 litteras
1324 1954 1498 2053 prohiberi
1510 1982 1611 2057 posse
1622 1958 1761 2058 ineptus

238 2096 354 2148 essem
377 2072 407 2147 si
429 2073 685 2152 contenderem.
708 2076 760 2151 At
776 2075 814 2150 in
832 2074 1004 2151 eiusmodi
1026 2072 1243 2162 calamitate,
1262 2096 1447 2174 rerumque
1461 2076 1682 2152 subversione
1697 2062 1762 2153 hae

239 2192 427 2292 praebent,
446 2218 517 2291 qno
533 2194 707 2294 refugias,
727 2194 793 2270 hae
812 2219 882 2293 quo
900 2194 1209 2270 recrees-animum
1220 2192 1463 2285 etsustineas,
1484 2193 1548 2293 hae
1563 2196 1760 2283 continent,
1776 2218 1792 2254 -·

239 2311 371 2412 quibus
388 2320 511 2412 pectus
522 2313 678 2403 nutrias,
698 2321 739 2389 ut
756 2314 787 2388 si
798 2314 852 2389 val
866 2312 1038 2413 quidquid
1053 2311 1234 2401 illabatur,
1252 2311 1468 2411 impavidum
1480 2320 1598 2388 tamma
1610 2321 1651 2387 ut
1661 2313 1760 2389 inno·

237 2443 376 2514 euntem
408 2431 534 2507 feriam
560 2432 692 2509 ruinae.
741 2434 856 2509 Nemo
881 2436 944 2534 qui
970 2432 1114 2532 quidem
1136 2439 1229 2506 recte
1249 2436 1286 2505 et
1311 2432 1441 2531 cogitet
1464 2440 1499 2507 et
1521 2434 1666 2523 sentiat,
1689 2457 1760 2508 non
1863 2518 1865 2523 ,

239 2550 416 2626 meliorem
444 2575 519 2627 sesa
547 2551 787 2628 intellecturus
809 2560 866 2629 est
889 2577 972 2629 cum
995 2549 1250 2640 retractaverit,
1279 2575 1368 2650 quas
1390 2552 1572 2629 Prmcrms
1594 2553 1705 2653 egerit
1726 2562 1762 2628 et

238 2670 508 2746 Ernnmorvnss
537 2679 576 2747 et
595 2673 883 2762 anononrrrrr,
916 2696 1087 2774 quaenam
1110 2673 1318 2747 Tunrurms
1344 2671 1526 2747 Asnsrnsr
1551 2671 1674 2763 irater,
1699 2681 1762 2749 aut

237 2814 432 2891 numquam
455 2791 514 2867 ille
534 2792 619 2869 satis
641 2792 837 2869 laudandus
856 2792 1094 2893 Syracusanus
1112 2790 1412 2879 Hnnrrocnarns3
1437 2814 1541 2865 nemo
1564 2791 1632 2866 nisi
1650 2792 1760 2867 admi·

237 2909 418 2985 rabaudus
455 2910 596 2986 Lrerrvrr
636 2912 839 3001 Srcnorvrs,
872 2919 936 2988 aut
966 2913 1079 2987 Fran
1116 2911 1304 2987 Runnmrvr
1345 2908 1417 2983 veri
1450 2907 1552 2983 istius
1587 2911 1762 3000 Mamur,

238 3029 434 3104 Runrnnve
455 3032 552 3106 Rurr
578 3031 724 3131 vestigia
745 3039 895 3129 premet,
919 3030 1050 3129 quibus
1067 3029 1307 3103 indubitanter
1328 3026 1422 3101 addc
1445 3028 1557 3102 virum
1574 3028 1668 3105 hunc
1689 3029 1762 3105 sine

236 3149 398 3248 exemplo
421 3150 654 3248 praeclarum,
680 3151 819 3226 Iunium
840 3149 1054 3246 Causennis.
1088 3147 1262 3223 Adiiciam
1284 3144 1534 3245 paucissimae,
1558 3172 1603 3223 ne
1620 3149 1763 3247 antiqua

239 3268 340 3343 unice
367 3268 484 3343 mirari
506 3268 640 3359 videar,
676 3277 714 3345 et
741 3268 839 3344 subit
860 3269 1018 3344 animum
1038 3268 1205 3342 memoria
1230 3267 1411 3341 Ionanrvrs
1436 3268 1643 3359 Hanunea,
1668 3270 1764 3345 subit

239 3390 373 3464 Anuan
396 3388 566 3463 Rosam
589 3390 761 3478 lusson,
793 3412 882 3487 quos
914 3388 977 3485 qui
1000 3385 1166 3485 suspiciet
1196 3392 1234 3457 et
1260 3383 1472 3475 imitabitur,
1497 3387 1559 3485 qui
1583 3386 1669 3462 tales
1695 3388 1762 3463 sibi

238 3532 283 3583 ex
305 3506 469 3581 butenae
491 3507 609 3581 studio
630 3507 765 3581 frustm
788 3506 1052 3606 comparaverit,
1076 3505 1131 3580 vel
1149 3502 1364 3578 miserrimus
1382 3512 1499 3580 tamen
1515 3506 1763 3607 aliquantisper

239 3626 364 3702 beatus
393 3623 460 3699 erit
488 3624 591 3701 etin
620 3625 705 3726 ipsis
737 3625 844 3700 etiam
877 3624 1024 3701 vinculis
1059 3624 1156 3701 liber.
1215 3622 1367 3698 Ultimos
1394 3624 1582 3714 reservavi,
1614 3626 1761 3726 quasin

238 3744 361 3844 primis
397 3743 603 3834 voluissem,
637 3744 726 3819 duos
762 3752 954 3833 scutatas,
990 3744 1097 3833 dnos,
1132 3742 1261 3844 quibus
1295 3742 1351 3818 vix
1390 3743 1553 3819 credibile
1588 3756 1761 3844 quantum

240 3862 409 3938 debemus
437 3864 504 3941 sari
534 3864 663 3964 posteri
695 3865 895 3941 etiamnunc
923 3888 1061 3954 ornnes,
1096 3866 1328 3940 Gurmmaros
1364 3863 1517 3961 primum
1540 3873 1576 3939 et
1598 3867 1759 3957 tertium,
1826 3964 1828 3969 ι

237 3981 410 4082 principes
433 3984 681 4060 Arsusmeos.
1087 4038 1094 4045 -

289 4102 534 4179 Contruheuda
559 4112 661 4192 sunt,
685 4126 776 4204 quae
795 4102 976 4202 hucusque
993 4100 1216 4177 adduximus.
1266 4102 1515 4192 Ostendimus,
1541 4106 1757 4203 temporibus

239 4246 262 4296 e
297 4220 406 4298 medii
439 4223 516 4298 aevi
545 4221 703 4301 barbaria
735 4246 846 4323 nuper
877 4221 1135 4321 emergentibus
1166 4245 1331 4323 magnam
1364 4222 1471 4297 fuisse
1505 4229 1541 4297 et
1574 4224 1759 4299 salutarem
1840 4211 1860 4234 '⁸

238 4343 464 4443 antiquarum
498 4342 689 4418 litterarum
719 4342 791 4418 vim
820 4342 858 4419 iu
889 4368 1001 4443 genus
1021 4342 1232 4431 humanum,
1258 4343 1319 4417 sed
1341 4365 1434 4419 nunc
1453 4342 1552 4418 aliter
1572 4342 1641 4418 ism
1663 4345 1757 4442 cogi·

239 4461 328 4551 tari,
359 4485 474 4562 neque
508 4487 530 4538 a
562 4462 686 4539 litteris
710 4462 863 4539 eundem
894 4471 1001 4564 atque
1030 4463 1114 4539 olim
1139 4463 1253 4538 locum
1280 4461 1401 4551 tenari;
1434 4486 1524 4561 quae
1552 4469 1669 4537 tamen
1693 4463 1758 4537 mi·

240 4582 335 4659 uime
361 4582 548 4658 reficienda
580 4591 683 4675 sunt,
715 4582 999 4689 quandoquidem
1030 4607 1131 4659 suam
1160 4582 1227 4657 sibi
1257 4582 1396 4657 laudem
1425 4582 1462 4657 in
1496 4580 1671 4658 docenda
1703 4582 1757 4657 iu·

241 4708 384 4777 ventute
414 4702 611 4793 vindicant,
646 4704 812 4803 quoniam
847 4712 883 4779 at
912 4704 1009 4804 ipsae
1041 4702 1231 4780 maximam
1263 4702 1394 4779 habent
1423 4702 1607 4778 utilitatem
1641 4702 1758 4779 animo

240 4821 479 4915 informando,
504 4831 580 4901 tum
602 4824 912 4927 suimetipsorum
933 4824 1076 4917 virtute,
1101 4832 1178 4901 tum
1199 4823 1282 4926 quia
1301 4823 1337 4900 in
1359 4847 1478 4901 aarum
1496 4823 1651 4901 ordinem
1672 4824 1758 4901 aliae
