4892 6184
702 665 768 729 272
1294 666 1329 734 Ε.
1364 668 1393 735 J.
1427 664 1617 743 litant,

701 872 775 971 ipse
799 870 946 947 sentum
971 877 1007 945 et
1031 870 1148 965 animo
1171 870 1321 969 agitem,
1354 872 1523 946 sushnera
1548 870 1605 945 vix
1630 892 1765 969 queam.
1824 866 1991 941 Versatur
2014 868 2108 943 enim
2134 882 2214 945 ante

702 991 820 1067 oeulos
854 989 971 1065 schola
1000 988 1145 1063 illustris
1173 997 1305 1079 verba,
1339 990 1514 1066 doctrinae
1550 988 1667 1076 sedes,
1700 994 1739 1069 et,
1761 986 1924 1069 cathedra
1952 990 2133 1077 Gaanvn,
2157 992 2215 1065 cni

700 1114 772 1186 ianr
806 1134 873 1209 ego
906 1108 1049 1197 insisto,
1083 1117 1119 1184 et
1148 1132 1255 1207 qnam
1291 1110 1377 1185 mihi
1411 1108 1606 1205 credidistis
1638 1106 1809 1183 Athenaei
1834 1108 2026 1197 sodalitas,
2059 1110 2213 1187 studiosa
2262 1164 2266 1173 -

701 1232 882 1317 iuventas,
924 1236 961 1305 et
1000 1228 1192 1305 litterarum
1230 1231 1306 1306 laus
1342 1230 1464 1329 iniquo
1498 1239 1653 1330 tempore
1685 1227 1907 1317 sustinenda,
1939 1238 1976 1304 et
2006 1230 2212 1328 multiplices

700 1348 921 1448 disciplinae,
945 1372 1035 1446 qaae
1059 1348 1107 1425 ad
1127 1372 1185 1423 me
1208 1348 1396 1439 devenere,
1421 1358 1457 1425 et
1480 1350 1568 1453 vires
1591 1348 1748 1429 nondum
1769 1348 1837 1421 nisi
1860 1348 2045 1443 iuveniles,
2070 1356 2107 1424 et
2126 1350 2210 1425 arni·

699 1492 819 1544 coram
837 1467 1069 1568 exspectatio,
1097 1467 1242 1543 famame
1264 1469 1369 1545 etiam
1394 1470 1450 1545 hie
1474 1468 1528 1545 vel
1549 1467 1619 1545 illic
1643 1466 1793 1543 invidiae
1816 1467 1974 1543 nonnihil
2000 1471 2043 1559 ¹).
2094 1470 2212 1547 Quam

699 1612 757 1663 me
787 1587 858 1662 sive
885 1586 1103 1662 audaciorem
1130 1587 1274 1677 vellem,
1306 1597 1347 1663 ut
1381 1589 1465 1663 haec
1486 1587 1602 1662 omnia
1623 1610 1694 1661 ncn
1716 1586 1992 1675 reformidarem,
2026 1588 2081 1663 vel
2103 1590 2213 1685 magis

699 1707 883 1796 timidum,
908 1732 1013 1806 quem
1036 1707 1081 1782 ab
1107 1709 1173 1783 hoc
1194 1732 1338 1783 munere
1365 1708 1507 1784 omnino
1533 1706 1752 1805 suscipiendo
1777 1708 1898 1783 eedem
1922 1707 2186 1782 deterruissent!

746 1827 830 1903 Fuit
865 1835 1001 1916 autem,
1039 1851 1120 1901 cunr
1154 1827 1356 1904 huiusmodi
1389 1852 1533 1903 munere
1567 1826 1635 1900 nisi
1671 1826 1865 1901 disertiores
1901 1826 2002 1925 fungi
2040 1828 2106 1902 rite
2145 1851 2211 1901 non

699 1956 864 2047 possent:
912 1946 1015 2021 Raris
1044 1970 1087 2021 ea
1124 1955 1330 2044 tempestate
1361 1972 1423 2045 per
1456 1947 1632 2045 Europam
1669 1944 1812 2035 litteris,
1850 1947 1903 2021 vel
1939 1947 2061 2021 saltem
2096 1946 2210 2034 libris,

699 2067 843 2142 maximi
878 2073 952 2141 erat
983 2065 1170 2154 momenti,
1204 2072 1246 2139 ut
1284 2073 1319 2141 et
1338 2066 1517 2165 ,iuventus
1550 2072 1586 2141 et
1615 2088 1702 2164 quos
1726 2089 1823 2139 emor
1844 2066 2018 2141 doctrinae
2040 2068 2210 2141 iuventuti

690 2168 855 2261 'adderet'
868 2211 926 2260 ore
950 2193 986 2260 et
1008 2210 1090 2259 voce
1115 2185 1390 2261 instituerentur.
1440 2186 1502 2259 Nil
1520 2183 1627 2282 igitur
1643 2184 1715 2260 ianr
1735 2184 1872 2269 maicris
1887 2184 2081 2261 habebatur
2093 2188 2211 2285 pretii,
2264 2215 2267 2221 ·

700 2330 805 2405 qaam
832 2305 928 2405 quod
950 2304 1077 2379 summi
1104 2304 1167 2377 viri
1192 2305 1401 2380 ecathedris
1423 2303 1612 2393 docebant,
1636 2328 1750 2403 neque
1771 2304 1896 2404 aliquis
1917 2306 2115 2404 aequalium
2133 2306 2212 2380 satis

696 2425 885 2525 prudenter
902 2423 1108 2526 philologiae
1135 2448 1275 2524 operam
1302 2416 1429 2513 dabat,
1453 2423 1520 2498 nisi
1541 2430 1712 2521 quantum
1738 2424 1812 2497 fieri
1837 2431 1953 2524 posset
1975 2426 2212 2499 Soaaraaaun

697 2546 752 2620 vel
780 2546 1035 2620 Casacooaorr
1067 2541 1266 2617 audivimet.
1317 2542 1368 2616 Hi
1390 2550 1507 2617 autem
1530 2540 1667 2617 nonnisi
1688 2542 1852 2641 perbreve
1873 2546 2037 2645 temporis
2064 2545 2213 2644 spatium

692 2665 827 2741 multos
858 2663 982 2752 simul,
1015 2686 1080 2736 nec
1107 2660 1180 2735 fere
1210 2661 1278 2735 nisi
1305 2668 1473 2761 perpetua
1501 2662 1653 2737 oratione
1675 2662 1930 2761 compellandos
1954 2664 2129 2775 auditores
2156 2664 2213 2739 do

482 2811 493 2869 r
699 2809 774 2859 cere
804 2783 979 2872 solebant,
1005 2789 1041 2856 et
1062 2780 1302 2879 requirebatur
1324 2778 1452 2881 igitur,
1478 2788 1518 2857 ut
1540 2788 1576 2855 et
1602 2779 1669 2885 ipsi
1694 2780 1885 2861 doctrinam
1910 2807 2007 2858 suam
2028 2782 2119 2857 bene
2141 2807 2213 2881 per·

741 3115 763 3195 ¹)
782 3113 890 3173 Ultima
909 3108 979 3174 haec
998 3112 1073 3175 dieta
1092 3120 1171 3187 amat,
1193 3113 1245 3173 etsi
1269 3112 1343 3173 diota
1363 3112 1419 3172 iam
1431 3096 1551 3173 nollem.
1590 3096 1809 3195 Explicationem
1829 3112 1975 3175 inventura
1993 3116 2073 3173 erant
2092 3114 2122 3171 in
2142 3120 2214 3193 panc

699 3208 817 3288 quadarn
844 3208 977 3269 orationis
1004 3209 1105 3291 scripta
1131 3208 1259 3289 quidem,
1287 3209 1335 3269 sed
1358 3208 1458 3269 deinde
1478 3228 1635 3291 suppressa,
1656 3210 1726 3269 haee
1746 3217 1836 3271 autem
1854 3198 2140 3291 imprudens'retinui.
2180 3209 2216 3267 Et

697 3304 840 3385 ingenium
859 3303 970 3383 quidem
990 3311 1050 3364 tum
1067 3324 1176 3375 meam,
1197 3312 1257 3365 tum
1278 3303 1411 3365 sermonis
1430 3304 1525 3365 Iatioi
1543 3304 1652 3365 abunda
1668 3303 1786 3377 evincit,
1806 3303 1921 3365 minima
1939 3304 2065 3383 gendum
2082 3302 2215 3364 invidioso

697 3400 752 3459 isto
781 3399 914 3459 vocabolo
941 3418 1020 3459 naum
1046 3418 1092 3459 me
1118 3399 1201 3459 luisse
1226 3400 1284 3460 sive
1309 3418 1343 3459 co
1372 3419 1453 3460 sensu
1479 3398 1692 3479 quimGallicc
1711 3399 1810 3472 habet,
1832 3398 1963 3472 circite,
1984 3398 2059 3479 quod
2079 3397 2116 3458 Di
2133 3418 2214 3458 omen

701 3500 840 3565 avertant,
860 3497 891 3553 nt
912 3512 973 3552 cam
993 3495 1116 3574 proxima
1133 3495 1317 3574 superioribus
1335 3490 1552 3575 componeretur.
1591 3495 1637 3555 Ne
1655 3514 1719 3555 vero
1736 3496 1822 3555 ullum
1837 3496 1954 3557 omnino
1971 3495 2090 3576 supersit
2105 3493 2215 3555 dubium

698 3589 734 3647 de
757 3587 884 3647 vocabuli
908 3587 987 3647 istius
1014 3587 1042 3645 vi
1067 3596 1114 3647 aut
1135 3608 1198 3649 mea
1221 3590 1378 3659 voluntate,
1401 3589 1487 3648 amice
1507 3594 1534 3648 et
1553 3588 1686 3663 benevole
1705 3591 1826 3650 monitus
1847 3610 1862 3651 e
1881 3591 1975 3651 mdtis
1993 3591 2063 3651 locis
2081 3589 2152 3650 duos
2172 3588 2216 3649 ed·

699 3684 806 3755 acribo,
832 3684 947 3755 alterum
965 3682 1126 3743 Crannonis
1149 3704 1165 3743 a
1185 3684 1364 3744 Divinatione
1381 3684 1411 3743 in
1431 3685 1468 3744 Q.
1491 3684 1656 3757 Caecilium,
1678 3684 1766 3765 capita
1785 3690 1883 3764 quarto
1903 3684 2028 3757 decimo,
2048 3684 2216 3766 paragrapho

700 3786 780 3839 sexta
800 3786 828 3837 et
847 3778 1068 3856 quadragesima:
1092 3779 1211 3839 nQuidl
1230 3800 1314 3859 quum
1337 3780 1535 3851 commisereri,
1559 3780 1704 3860 conqueri,
1726 3788 1754 3841 et
1774 3800 1808 3841 ax
1826 3781 1924 3841 illius''
1947 3778 2068 3862 (Verria)
2091 3780 2216 3841 niuvidia

668 3870 675 3880 '
702 3872 874 3933 adeonerare
901 3873 1019 3951 aliquid,
1046 3882 1075 3933 et
1093 3874 1124 3934 in
1143 3874 1200 3935 te”
1230 3876 1383 3957 Caecilium
1410 3876 1556 3936 utraiiaera
1577 3876 1722 3956 coeperit”
1745 3876 1930 3936 Hortensius?
1972 3876 2218 3937 ucommemorare

702 3964 879 4045 oquaastoris
899 3986 960 4027 curn
977 3974 1103 4047 praetore
1118 3971 1348 4038 necessitudinem
1371 3972 1567 4031 constitutam?
1607 3972 1716 4033 Morem
1735 3972 1889 4031 maiorum?
1926 3970 2014 4035 Sertis
2034 3970 2217 4048 religionem?

703 4061 872 4123 uPoterisne
891 4062 951 4123 eius
966 4064 1099 4126 orationis
1115 4067 1207 4126 subire
1225 4066 1415 4138 invidiaml”,
1437 4068 1581 4127 Scarourr
1600 4068 1731 4137 alterum
1752 4086 1768 4127 e
1786 4065 1892 4126 Tiberii
1912 4066 2000 4147 capite
2018 4072 2135 4126 octavo:
2159 4084 2219 4124 nar·

587 4219 592 4234 .
700 4157 974 4235 ergastulorum...
1001 4158 1108 4220 domini
1130 4162 1160 4220 in
1186 4161 1319 4222 invidiam
1348 4167 1495 4233 veneram,
1523 4162 1601 4240 quasi
1621 4168 1748 4243 exceptos
1768 4162 2045 4242 subprimerent....
2070 4158 2216 4221 sumres.''

699 4256 763 4335 Ego
784 4258 892 4323 antem,
913 4254 1021 4315 edumei
1040 4256 1106 4334 quid
1126 4264 1269 4337 peccatam
1289 4257 1325 4317 sit
1345 4256 1373 4316 in
1395 4257 1448 4316 hac
1468 4258 1607 4329 oratione,
1629 4276 1689 4318 eam
1707 4262 1800 4317 tamen
1818 4262 1913 4337 postea
1929 4257 2074 4317 immutare
2090 4253 2217 4332 religioni

698 4349 785 4411 habui
806 4350 851 4411 vel
869 4348 899 4409 in
917 4349 1011 4431 paucis
1027 4350 1191 4429 quibasdam
1212 4352 1286 4413 circa
1302 4351 1483 4411 Latinitatem
1503 4352 1600 4411 erratis
1618 4372 1688 4431 qaae
1708 4356 1858 4411 retractans
1877 4351 1933 4413 iam
1952 4350 2151 4422 mimadvaa',
2173 4356 2219 4410 sut

699 4448 729 4507 in
750 4446 828 4526 lapsu
848 4444 1013 4519 memoriae,
1033 4447 1121 4527 qualis
1141 4456 1183 4509 eat
1201 4435 1275 4528 qdod
1297 4448 1465 4507 Panaarnrv
1483 4445 1625 4507 nominavi
1635 4466 1661 4527 p.
1675 4450 1710 4507 lt
1722 4428 1773 4527 p'ro
1794 4448 1961 4521 Trnsoara,
1983 4452 2012 4507 et
2030 4445 2094 4507 ideo
2113 4452 2219 4529 praeter

699 4540 892 4603 mactationes
919 4549 1019 4603 cunda
1043 4562 1125 4623 quam
1152 4544 1354 4606 accuratissime
1373 4542 1510 4625 expressi,
1531 4548 1562 4604 ut
1580 4543 1763 4624 pronuntiavi.
1804 4542 1895 4606 Omisi
1914 4548 2023 4605 tantum
2042 4542 2097 4603 duo
2117 4540 2217 4602 brevis·

697 4638 782 4709 sima,
802 4636 838 4697 de
857 4636 1006 4721 improviso
1033 4637 1139 4711 addita,
1159 4660 1330 4721 quorumque
1349 4638 1485 4719 postadns
1502 4638 1593 4699 locum
1614 4638 1703 4699 baut
1721 4658 1832 4711 eorum,
1853 4658 1923 4718 quae
1940 4638 2048 4699 uncinis
2070 4636 2097 4717 []
2115 4637 2217 4697 inclusa

699 4732 824 4812 proxime
847 4732 935 4814 ipsam
962 4734 1063 4793 calcem
1083 4736 1228 4813 leguntur,
1253 4735 1301 4795 aed
1321 4753 1378 4794 non
1398 4731 1574 4813 pronuntiata
1594 4741 1665 4793 aaut
1706 4732 1791 4793 Caius
1810 4731 1852 4794 rei
1871 4752 1980 4795 causam
1999 4732 2086 4816 probe
2107 4734 2216 4799 unani,

661 4835 665 4842 ‘
700 4828 854 4908 quicunque
873 4829 1100 4893 ererdtatisdma
1119 4831 1205 4893 animi
1224 4830 1377 4893 attentione
1397 4827 1542 4904 affuerunt,
1563 4848 1616 4892 nec
1635 4828 1720 4891 ceteri
1739 4834 1845 4891 curant.
