4892 6184
671 644 691 706 8
1203 641 1237 708 F.
1278 640 1317 706 G.
1360 638 1652 706 KRIEGER

718 847 845 945 Itaque
861 845 1003 922 alteram
1019 851 1172 947 partem,
1193 870 1285 946 quae
1302 847 1476 947 propriam
1497 841 1951 946 complectiturorationem,
1966 839 2003 913 in
2014 835 2187 938 praesenti

671 991 835 1067 seponere
860 991 998 1042 mecum
1024 966 1207 1056 constitui,
1242 975 1347 1067 atque
1371 967 1461 1043 hanc
1489 968 1609 1043 horam
1635 962 1851 1042 solummodo
1880 959 2067 1038 referendis
2094 961 2183 1034 Aca-

671 1088 804 1164 demiae
828 1087 941 1176 Fatis,
970 1094 1006 1162 et
1033 1085 1190 1162 tristibus
1210 1094 1246 1163 et
1268 1088 1385 1177 laetis,
1406 1088 1616 1186 impendam.

718 1209 773 1282 De
806 1206 935 1305 quibus
970 1205 1182 1304 exponendis
1215 1207 1332 1282 animo
1371 1206 1474 1282 velim
1510 1199 1688 1284 benevolo
1712 1202 1925 1301 auribusque
1951 1197 2093 1274 attentis
2130 1221 2186 1271 me

529 1369 537 1398 ι
672 1325 833 1401 audiatis.

720 1447 933 1545 Magnopere
961 1445 1048 1520 mihi
1080 1444 1148 1544 ipsi
1170 1445 1379 1545 gratularer,
1412 1445 1443 1519 si
1464 1446 1555 1521 laeta
1581 1443 1669 1518 milri
1696 1440 1939 1518 tantummodo
1961 1444 2078 1514 essent
2099 1436 2187 1510 rele-

671 1567 796 1655 renda,
832 1566 861 1639 si
894 1565 969 1640 sine
997 1566 1093 1641 clade
1124 1589 1238 1640 eunus
1266 1573 1499 1667 praeteractus
1524 1565 1656 1640 luisset.
1707 1563 1777 1638 Sed
1809 1560 1896 1637 adeo
1928 1556 2087 1635 felicibus
2112 1580 2188 1630 esse

671 1687 772 1761 nobis
813 1685 920 1760 eheu!
961 1710 1032 1760 non
1074 1685 1230 1786 contigit.
1292 1685 1391 1762 Duos
1425 1685 1515 1760 viros
1551 1683 1789 1761 celeberrimos
1827 1705 1914 1781 quos
1954 1673 2189 1753 venerabundi

672 1806 925 1906 diligebamus,
960 1831 1042 1882 cum
1076 1806 1192 1882 dolore
1226 1806 1462 1882 desideramus
1492 1812 1528 1882 et
1563 1812 1673 1880 morte
1708 1801 1810 1878 nobis
1846 1807 1982 1900 ereptos
2019 1796 2187 1871 dolemus.

670 1926 812 2001 Etenim
845 1925 941 2000 haud
972 1924 1022 2000 ita
1055 1925 1170 2000 multo
1204 1935 1285 2026 post
1314 1927 1527 2003 celebratum
1550 1923 1760 2001 Academiae
1785 1921 1877 1997 diem
1900 1919 2053 1995 natalem
2074 1915 2187 1990 Rern·

671 2069 877 2122 wannrrnnr
907 2051 1050 2120 naturae
1077 2047 1285 2122 concessisse
1304 2047 1408 2124 iussis
1435 2046 1537 2122 nobis
1559 2045 1702 2120 offertur
1723 2041 1888 2130 nuntius;
1914 2038 2066 2114 necdum
2092 2035 2190 2109 luctu

672 2167 716 2240 de
748 2166 813 2241 hae
843 2171 984 2266 accepto
1014 2164 1111 2240 clade
1139 2167 1297 2267 deposito
1330 2170 1634 2244 Smonnnnnrrrnn
1664 2161 1828 2239 audimus
1860 2183 2062 2260 supremum
2096 2155 2190 2229 diem
2330 2193 2336 2201 ·

674 2285 811 2360 obiisse.
1244 2319 1246 2323 ·

718 2404 783 2477 Est
807 2402 872 2478 hoc
896 2403 1036 2478 Rectori
1058 2402 1135 2502 lege
1158 2404 1362 2480 mandatum
1384 2405 1484 2503 pium
1506 2403 1675 2491 officium,
1707 2408 1748 2476 ut
1771 2422 1916 2474 munere
1949 2420 2013 2471 suo
2047 2393 2189 2469 defunc·

669 2531 748 2610 tus,
780 2529 969 2620 antequam
998 2522 1207 2598 Academiae
1237 2523 1347 2600 fasces
1377 2523 1563 2600 successori
1588 2523 1723 2612 tradat,
1748 2518 1893 2597 solemni
1914 2516 2019 2592 modo
2041 2514 2189 2613 collega-

670 2666 772 2731 rum,
798 2667 835 2718 se
859 2642 1007 2716 Rectore
1032 2649 1270 2734 mortuorum,
1292 2645 1495 2720 memoriam
1518 2643 1654 2720 recolat.
2088 2688 2093 2702 ·

721 2762 796 2838 Nec
832 2769 967 2850 tamen,
1003 2761 1092 2838 mihi
1129 2764 1275 2854 credite,
1309 2773 1352 2840 ut
1376 2765 1446 2866 legi
1472 2765 1727 2863 obtemperem,
1752 2761 1796 2836 de
1819 2759 1900 2834 viris
1922 2753 2072 2856 egregiis
2095 2752 2190 2841 istit,

672 2906 787 2958 coram
818 2882 934 2971 vobis,
972 2883 1075 2958 verba
1106 2908 1165 2959 me
1194 2909 1270 2960 esse
1291 2885 1475 2961 facturum.
1525 2887 1626 2962 Quos
1648 2883 1743 2984 enim
1765 2904 1835 2956 non
1856 2878 1970 2953 solum
1991 2873 2077 2948 haec
2100 2874 2190 2948 Aea·

673 3001 808 3091 demie,
843 3003 906 3077 sed
932 3009 1005 3077 tota
1031 3003 1143 3103 patria
1164 3013 1284 3080 nostra
1305 3005 1402 3105 luget
1427 3004 1494 3079 sibi
1519 3011 1677 3104 ereptos,
1700 3002 1743 3076 iis
1765 3027 1808 3075 ex
1837 2998 1902 3074 hoc
1932 2997 2102 3094 suggestu
2130 3015 2192 3091 par

671 3128 725 3198 est
763 3145 925 3220 supreme
965 3123 1069 3214 solvi3
1109 3149 1225 3224 neque
1264 3125 1418 3200 sufficere
1461 3123 1673 3223 intelligitis,
1715 3117 1922 3197 Auditoresl
1969 3113 2193 3189 honorificum

670 3242 856 3318 nominum
885 3244 1119 3335 mentionem,
1153 3246 1216 3321 sed
1235 3244 1415 3334 lubentes,
1438 3268 1645 3346 persuasum
1665 3241 1754 3318 mihi
1777 3247 1849 3330 ast,
1879 3261 1937 3313 me
1960 3240 2194 3342 exponentem

671 3361 821 3438 audietis
847 3365 891 3439 de
915 3388 1037 3439 eornm
1062 3365 1151 3454 vita,
1176 3365 1258 3441 fatis
1280 3365 1461 3464 factisque.

721 3483 851 3581 Itaque
876 3485 989 3584 primo
1010 3486 1084 3562 loco
1106 3488 1368 3562 Rursusnnrrr
1385 3486 1491 3562 vitam
1513 3487 1663 3562 breviter
1684 3481 1861 3560 enarrabo.

599 3693 609 3708 ι
722 3601 915 3678 (lssnsnns
955 3607 1144 3682 Gnoserns
1179 3607 1352 3682 Oscenos
1376 3607 1606 3683 Rnruwsnnr
1636 3611 1824 3682 natusest
1856 3602 1913 3678 die
1937 3597 2039 3674 tertio
2063 3592 2192 3669 mensis

672 3719 768 3793 lunii
786 3721 869 3794 onni
886 3727 981 3798 1753
1001 3724 1318 3826 Luetringhausae,
1338 3727 1374 3800 in
1390 3751 1432 3802 ea
1448 3726 1633 3802 Borussiae
1649 3734 1748 3828 parte
1764 3722 1827 3824 qui
1842 3719 2193 3799 ducatusMontanus

673 3838 877 3939 appellatur.
1761 3844 1764 3851 ⁴

723 3959 827 4034 Pater
852 3959 1042 4037 Iossurrns
1065 3963 1258 4038 Gnonorns
1282 3966 1511 4041 Rnruwsanr
1537 3974 1766 4042 mercaturam
1785 3962 1967 4041 exercebat
1986 3982 2097 4058 eaque
2119 3961 2191 4031 erat

675 4077 892 4154 humanitate
911 4087 947 4154 et
966 4081 1124 4181 ingenio,
1146 4091 1186 4158 ut
1205 4084 1281 4184 ipse
1296 4085 1360 4158 filii
1377 4085 1590 4161 educationis
1605 4093 1740 4186 partem
1758 4092 1875 4186 posset
1892 4081 2084 4179 suscipere,
2104 4076 2194 4149 dum

669 4197 786 4272 'simul
806 4197 976 4299 Lennepii
998 4201 1219 4300 gymnasium
1238 4203 1491 4302 frequentaret3
1519 4212 1617 4305 patre
1640 4213 1798 4294 mortuo,
1830 4201 1992 4279 avunculi
2011 4196 2084 4293 (cui
2102 4193 2193 4271 Mel·

677 4317 801 4396 chioris
831 4319 1080 4420 Goldenbergii
1106 4345 1232 4398 nomen
1254 4330 1341 4416 erat)
1368 4325 1462 4399 venit
1486 4325 1523 4398 in
1552 4325 1717 4414 tutelam,
1751 4323 1958 4424 egregieque
1991 4319 2050 4393 ille
2081 4315 2192 4392 bonae

683 4437 757 4536 spei
783 4439 991 4516 adolescenti
1012 4442 1191 4517 educando
1211 4449 1248 4517 et
1265 4443 1377 4543 magis
1397 4445 1579 4545 magisque
1600 4445 1789 4520 erudiendo
1810 4439 1994 4520 consuluit.

726 4559 831 4633 Anno
852 4563 974 4636 aetatis
993 4562 1128 4639 decimo
1147 4570 1271 4662 quarto
1288 4564 1578 4642 Rnruwsnnrrns
1593 4566 1709 4641 lrauis
1729 4564 1926 4664 exemplum
1947 4566 2106 4645 secutus,
2131 4553 2194 4652 qui

676 4674 746 4750 iam
776 4678 930 4776 primunr
961 4681 1263 4758 Amstelodsmum
1290 4708 1327 4757 se
1347 4686 1539 4761 contulerat
1560 4695 1601 4762 ut
1619 4686 1834 4788 pharmaciae
1854 4683 2028 4768 studeret,
2053 4675 2191 4751 eodem-

678 4819 746 4892 que
778 4799 951 4897 profectus
983 4801 1019 4876 in
1051 4803 1316 4902 pharmaceutae
1342 4805 1558 4908 disciplinam
1586 4809 1697 4884 venit:
1729 4832 1793 4884 nec
1824 4804 1957 4883 minore
1980 4797 2097 4876 studio
2122 4819 2193 4896 quo
