4892 6184
734 719 778 786 86
1334 711 1372 780 ll.
1407 711 1442 780 Ε.
1478 709 1649 782 vlnus

733 927 824 1000 tium
849 921 1059 1022 Apostolus,
1093 919 1155 1019 qui
1182 927 1270 1019 quot
1297 927 1495 1019 quantaque
1521 945 1583 1018 pro
1608 919 1764 992 Cnsrsnr
1788 939 1893 990 causa
1917 937 2099 1014 perpessus
2127 915 2250 1004 luerit,

732 1047 771 1120 in
784 1065 788 1071 ’
801 1045 907 1118 altera
937 1067 1000 1116 sua
1033 1041 1078 1115 ad
1113 1041 1303 1114 Corinthios
1327 1040 1471 1139 epistola
1501 1037 1670 1114 enarravit
1690 1037 1751 1130 ⁷⁴).
1802 1035 1915 1109 Testis
1946 1041 1999 1110 est
2020 1035 2168 1134 insignis
2192 1037 2248 1112 ills

735 1165 932 1262 Martyrum
954 1185 1094 1248 corona,
1116 1160 1178 1259 qui
1201 1159 1276 1234 dira
1298 1159 1439 1259 quaevis
1458 1160 1531 1258 pati
1553 1165 1768 1255 mortemque
1780 1155 2035 1231 acerbissimam
2052 1154 2168 1230 subire
2181 1181 2247 1232 non

734 1283 960 1368 dubitarunt,
991 1280 1029 1353 in
1059 1279 1114 1352 his
1138 1281 1332 1366 lanarius,
1356 1279 1617 1365 Pornonarns,
1641 1276 1873 1364 caraunus,
1897 1275 1993 1374 ipsae
2016 1274 2102 1349 adeo
2130 1275 2246 1350 mulie·

733 1428 809 1490 res,
836 1403 1080 1488 Pornnraaa,
1104 1401 1321 1489 Prasmon,
1345 1401 1541 1473 Famorras
1566 1399 1626 1489 77).
1677 1397 1801 1495 Neque
1823 1396 1860 1470 in
1884 1394 2005 1493 primis
2027 1401 2163 1470 tantum
2187 1397 2247 1470 So·

733 1523 867 1597 cietatis
880 1521 1096 1596 Christianae
1109 1520 1253 1610 seculis,
1276 1519 1337 1594 sed
1353 1519 1621 1594 instauraturum
1641 1516 1745 1591 etiam
1766 1540 1880 1590 rerum
1898 1540 2070 1590 sacrarum
2082 1523 2246 1614 tempore,

734 1645 770 1715 in
805 1643 881 1742 ipss
907 1665 1047 1740 qnoque
1068 1641 1179 1740 patria
1201 1647 1318 1715 nostra
1341 1641 1407 1732 77),
1443 1647 1529 1738 quot
1550 1638 1732 1712 hominum
1754 1636 1877 1725 millia,
1907 1635 2114 1710 feminarum
2142 1660 2244 1734 aeque

733 1788 773 1836 ac
805 1761 975 1849 marium,
1008 1761 1115 1834 fidem
1142 1785 1242 1834 suam
1264 1767 1374 1834 morte
1397 1759 1567 1834 dirissima
1590 1755 1829 1858 probaverint,
1861 1755 1929 1855 ipsi
1950 1755 2104 1829 novistis.
2154 1755 2245 1830 Haec

735 1881 933 1955 Christiana
955 1879 1042 1953 fides
1062 1887 1132 1966 est,
1157 1904 1246 1977 quse
1268 1886 1365 1954 tanto
1376 1879 1514 1979 pietatis
1533 1877 1668 1965 studio,
1687 1883 1785 1951 tanto
1798 1869 1932 1963 amore,
1957 1882 2054 1951 tanta
2070 1875 2244 1973 patientis,

735 2009 904 2099 tantaque
923 2025 986 2074 nos
1009 2000 1136 2073 imbuit
1160 1980 1363 2073 constantie.
1413 1998 1511 2073 Haec
1535 1998 1610 2071 eius
1639 1997 1688 2070 vis
1718 2003 1771 2072 est
1799 2004 1903 2094 atque
1931 1994 2135 2083 affinitas,
2165 1995 2244 2068 haec

734 2145 815 2194 vera
848 2121 922 2194 eius
953 2119 1098 2194 indoles.
1149 2122 1250 2198 Quae
1281 2143 1361 2192 cum
1396 2118 1445 2192 ita
1481 2118 1568 2205 sint,
1602 2139 1671 2191 non
1704 2123 1777 2206 est,
1812 2115 1907 2216 quod
1937 2115 2122 2202 miremur,
2143 2117 2244 2212 fidem

734 2239 930 2314 Gnararuu
957 2238 1097 2313 anobis
1117 2239 1309 2338 postulare,
1343 2245 1383 2312 ut
1409 2239 1484 2312 Deo
1509 2237 1706 2336 placeamus
1726 2236 1793 2329 77),
1818 2243 1854 2310 et
1884 2241 2103 2334 peccatorum
2127 2233 2259 2334 condo·¹

733 2359 908 2433 nationem
933 2359 1108 2455 vitamque
1132 2365 1306 2434 aeternam
1331 2380 1594 2456 consequamur.

782 2831 927 2906 Utinam
975 2831 1064 2905 hanc
1108 2855 1224 2905 veram
1265 2830 1347 2904 fidei
1385 2828 1601 2905 Christianae
1641 2833 1818 2906 notionem
1857 2857 1977 2908 omnes
2012 2831 2049 2906 st
2085 2833 2245 2906 memoria

733 2953 953 3040 tenuissent,
988 2949 1024 3025 et
1053 2951 1089 3024 in
1119 2951 1244 3025 animis
1276 2951 1548 3050 impressissent!
1600 2951 1671 3025 Sed
1695 2977 1800 3051 quam
1825 2953 1967 3052 plurimi
1989 2975 2066 3027 eam
2090 2951 2244 3050 neglexe-

733 3080 816 3146 runt
854 3081 889 3146 et
926 3071 1165 3147 obscurarunt.
1215 3072 1323 3150 Quod
1357 3081 1397 3147 ut
1432 3079 1568 3172 pateat,
1610 3072 1725 3148 secula
1756 3097 1846 3171 quse
1883 3073 2045 3148 effluxere
2072 3069 2187 3146 auimo
2214 3079 2247 3144 et

732 3192 940 3291 cogitatione
964 3192 1112 3266 breviter
1136 3216 1386 3291 percurramus.

779 3313 889 3411 Apud
914 3313 1044 3386 Patres
1067 3313 1275 3410 Apostolicos
1297 3309 1385 3386 nihil
1413 3311 1503 3400 fere,
1533 3312 1579 3385 ad
1607 3319 1761 3386 nostram
1786 3337 1925 3388 causam
1949 3319 2127 3412 spectans,
2150 3337 2243 3411 repe·

728 3431 827 3505 ritur.
877 3431 1042 3506 Laudant
1066 3431 1210 3530 quidem
1235 3431 1291 3506 hic
1316 3431 1386 3506 illic
1412 3431 1539 3520 fidem,
1563 3431 1624 3506 sed
1648 3455 1763 3507 veram
1785 3433 1859 3507 eius
1880 3433 2055 3508 notionem
2075 3457 2244 3532 nusquam

729 3550 990 3649 explicuerunt,
1022 3550 1105 3625 licet
1135 3550 1367 3650 opinionum,
1397 3575 1486 3651 quae
1514 3551 1639 3626 deinde
1662 3551 1866 3651 viguerunt,
1900 3554 2030 3630 semina
2053 3553 2090 3628 in
2112 3553 2244 3629 illorum

730 3670 864 3769 scriptis
889 3673 959 3745 iam
981 3671 1272 3763 inveniantur⁷⁸).
1298 3715 1350 3731 —·
1375 3672 1505 3746 Patres
1524 3695 1604 3744 vero
1628 3673 1869 3748 Ecclesiastici
1893 3698 1991 3748 suam
2014 3676 2057 3748 de
2079 3675 2149 3748 fide
2172 3698 2244 3748 sen·

691 3772 693 3777 ⁵
729 3790 876 3862 tentiam
903 3789 1015 3886 magis
1037 3790 1218 3886 magisque
1242 3789 1479 3888 explanarunt.
1522 3789 1720 3879 Nimirum,
1748 3797 1788 3864 ut
1811 3792 2024 3892 Apologetae
2047 3792 2242 3892 religionem

731 3906 966 3980 Christianam
997 3906 1041 3982 sb
1066 3906 1214 3980 inimicis
1236 3907 1488 3996 defendebant,
1521 3909 1569 3982 sic
1596 3909 1655 3983 alii
1678 3911 1845 3985 Doctores
1868 3911 2055 3986 Christiani
2083 3912 2128 3987 ab
2156 3937 2241 3986 erro·

729 4025 848 4112 ribus,
870 4027 932 4122 qui
955 4025 1063 4099 exorti
1088 4035 1186 4100 erant
1201 4027 1238 4099 in
1252 4027 1426 4114 Ecclesia,
1442 4027 1613 4102 vindicare
1638 4053 1714 4103 eam
1738 4031 1958 4106 studuerunt.
1990 4031 2161 4106 Videmus
2181 4032 2242 4104 hoc

728 4145 799 4218 iam
834 4145 869 4218 in
907 4145 1070 4220 Patribus
1104 4148 1269 4252 Asiaticis
1299 4155 1334 4220 et
1369 4149 1608 4236 Antiochensis,
1643 4149 1846 4224 nominatim
1877 4153 1912 4226 in
1943 4153 2131 4240 Ianusue,
2164 4152 2241 4250 qui,

725 4265 796 4345 ,etsi
818 4266 893 4366 ipse
914 4265 1055 4338 inutiles
1079 4265 1284 4365 frivolasque
1307 4266 1350 4340 de
1375 4266 1540 4368 religione
1561 4269 1779 4367 quaestiones
1800 4270 2074 4359 condemnabat,
2101 4275 2242 4372 quinque

729 4393 847 4459 tamen
882 4389 1042 4460 odonam
1073 4386 1230 4491 inesses
1261 4387 1365 4461 libros
1395 4387 1608 4488 conscripsit.
1668 4389 1878 4488 Spectabunt
1908 4389 2016 4490 igitur
2055 4391 2092 4464 in
2124 4391 2241 4489 primis

729 4505 905 4579 doctrinae
934 4505 1190 4602 integritatem,
1217 4512 1323 4604 atque
1350 4508 1436 4581 adeo
1460 4507 1506 4582 ed
1529 4507 1743 4582 intellectum
1765 4510 1967 4608 praesertim
1990 4509 2097 4585 fidem
2121 4511 2239 4584 refere-

730 4624 826 4698 bant.
851 4667 899 4682 -
924 4626 994 4698 Sed
1026 4624 1069 4699 de
1101 4627 1346 4701 Alenu'ndoinis
1376 4627 1413 4700 in
1446 4627 1566 4726 primis
1594 4627 1780 4702 dicendum
1804 4629 1905 4704 nobis
1929 4637 1992 4706 est.
2042 4629 2094 4704 Hi
2114 4629 2240 4728 igitur,

731 4766 794 4839 pro
818 4745 944 4819 suade
969 4744 1164 4823 Christiana
1186 4747 1351 4846 religione
1374 4747 1546 4822 sentiendi
1566 4756 1601 4822 et
1618 4747 1888 4850 'philosophandi
1908 4749 2060 4838 ratione,
2083 4773 2171 4849 qus,
2196 4751 2241 4824 ad

733 4861 922 4938 doctrinam
959 4863 1034 4938 eius
1066 4867 1216 4942 mamme
1247 4867 1485 4958 attendentes,
1523 4871 1593 4958 τὴν
1616 4871 1747 4948 πίστιν
1771 4871 1816 4946 ad
1838 4873 1907 4964 τὴν
1929 4877 2077 4970 γνῶσιν
2100 4869 2241 4944 evehere
