4892 6184
647 689 712 758 130
1000 698 1004 715 '
1216 691 1596 761 u.musru

647 899 880 976 Christianam
899 899 1006 974 veluti
1023 904 1215 973 ceterarum
1237 900 1397 977 ancillam
1415 909 1451 975 et
1471 900 1713 1000 pedissequam
1726 906 1894 997 spernunt
1908 903 1944 973 et
1956 896 2164 998 vituperant.

644 1021 765 1120 louge
796 1045 897 1096 secus
927 1031 990 1094 est.
1040 1017 1263 1118 Theologiam
1293 1023 1478 1110 moralem,
1513 1045 1603 1120 quae
1637 1043 1707 1094 non
1735 1021 1849 1094 solum
1873 1027 2033 1094 externos
2055 1043 2166 1094 mores
2277 1019 2282 1030 '

644 1141 707 1214 sed
716 1164 856 1214 omnem
873 1144 1006 1237 spectat
1018 1137 1195 1212 hominem
1215 1140 1412 1230 internum;
1439 1166 1528 1240 quae
1542 1139 1876 1239 Anthropologiam,
1891 1138 2167 1238 Philosophiam,
2251 1183 2253 1188 ·

642 1259 836 1333 Historiam
864 1258 1059 1355 complexa,
1092 1258 1164 1332 fere
1190 1284 1311 1335 omnes
1338 1261 1545 1360 Theologiae
1566 1260 1767 1359 disciplinas
1789 1261 1826 1333 in
1854 1259 2025 1335 auxilium
2049 1269 2167 1348 vocat,

640 1386 676 1453 et
703 1402 843 1476 prorsus
872 1377 1040 1452 intactam
1075 1375 1240 1476 relinquit
1272 1379 1426 1466 nullam,
1453 1403 1623 1477 perquam
1643 1379 1791 1454 arduam
1813 1379 1875 1454 sed
1901 1379 1997 1454 haud
2022 1379 2162 1454 minori·

641 1499 709 1571 bus
739 1523 848 1596 quam
878 1497 1097 1572 Historicum
1129 1499 1288 1573 studium
1315 1499 1479 1574 laudibus
1506 1500 1669 1600 dignam,
1700 1509 1755 1587 et,
1789 1501 1829 1573 si·
1852 1501 1941 1574 flues
1971 1525 2012 1574 ac
2032 1499 2167 1574 fructus

641 1619 823 1717 respicias,
847 1617 985 1692 nemine
1006 1618 1042 1690 in
1066 1642 1222 1694 sororum
1245 1619 1416 1695 consortio
1438 1619 1636 1716 inferiorem
1661 1645 1737 1694 esse
1758 1620 1955 1694 habendam
1977 1645 2168 1695 asseverare

640 1739 758 1814 nullus
784 1737 917 1812 dubito.
2031 1837 2036 1846 ἡ

692 1859 815 1938 Quid?
841 1859 937 1958 quod
957 1857 996 1931 in
1017 1858 1178 1932 Ethicam
1199 1859 1432 1935 Christianam
1457 1859 1634 1934 verissime
1655 1857 1849 1956 quadrant,
1871 1882 1962 1956 quae
1985 1858 2029 1933 de
2051 1857 2165 1933 Philo·

641 1979 761 2079 sophia
794 1979 939 2054 Veteres
969 1979 1231 2078 praedicarunt;
1267 2007 1344 2056 eam
1376 2003 1459 2080 opes
1489 1980 1590 2055 nobis
1618 1978 1795 2054 recludere
1823 1979 1927 2078 longe
1954 1977 2165 2068 ditissimas,

639 2124 729 2199 quae
757 2123 828 2174 non
856 2101 950 2174 furto
978 2099 1082 2198 eripi,
1116 2123 1188 2174 non
1218 2099 1378 2176 incendio
1400 2100 1557 2188 absumi,
1583 2123 1653 2172 non
1680 2097 1861 2197 naufragio
1885 2097 2062 2172 absorberi
2085 2125 2163 2198 pos-

640 2203 934 2317 unaquaeque
968 2227 1097 2292 certam
1136 2226 1173 2292 et
1207 2228 1337 2294 rectam
1374 2221 1465 2294 viam
1501 2225 1797 2306 commonstrant,
1832 2218 1878 2293 ad
1911 2219 2165 2316 assequendum

639 2361 817 2411 summum
837 2338 927 2412 illud
948 2338 1098 2426 bonum,
1124 2363 1194 2436 quo
1214 2347 1327 2416 cetera
1347 2340 1465 2416 omnia
1484 2339 1714 2418 continentur.
1768 2338 1866 2415 Quid
1885 2338 2022 2412 multa?
2047 2341 2165 2417 Quam

638 2458 791 2532 alienum
824 2458 986 2556 iniquum
1013 2457 1130 2545 istud,
1164 2458 1260 2556 quod
1291 2457 1470 2557 redargui,
1505 2457 1550 2530 de
1581 2457 1769 2556 Theologia
1798 2457 1926 2532 Morali
1950 2457 2118 2534 iudicium
2144 2484 2166 2533 a

637 2603 716 2653 mea
744 2579 789 2653 sit
818 2579 1008 2666 sententia,
1040 2601 1141 2676 spero
1169 2578 1242 2652 fore
1263 2586 1303 2651 ut
1325 2587 1361 2652 et
1384 2579 1460 2676 ipsa
1488 2578 1661 2665 muneris,
1688 2577 1783 2674 quod
1808 2601 1967 2675 capesso,
1993 2578 2165 2677 professio

637 2706 673 2772 et
712 2699 797 2773 haec
832 2723 911 2773 mea
943 2698 1193 2796 qualiscunque
1241 2697 1362 2772 Oratio
1395 2697 1618 2771 demonstret.
1680 2697 1878 2770 Nimiruml
1914 2707 2166 2796 argumentum

637 2819 802 2893 orationis
831 2843 1022 2917 quaerens,
1055 2817 1144 2892 illud
1171 2843 1254 2917 prae
1288 2818 1385 2906 aliis,
1417 2842 1507 2917 quae
1538 2817 1650 2916 magis
1676 2816 2005 2905 etiam-allicerent,
2032 2819 2166 2918 eligen·

638 2939 724 3014 dum
743 2963 818 3014 esse
840 2939 944 3027 duxi,
967 2938 1063 3038 quod
1083 2946 1272 3037 utrumque
1296 2938 1472 3026 studium,
1498 2937 1535 3011 in
1562 2937 1657 3036 quod
1682 2944 1756 3011 toto
1779 2943 1917 3035 pectora
1941 2937 2164 3026 incumbam,

637 3060 930 3158 complecteretur.
992 3059 1117 3134 Dicam
1148 3059 1275 3159 igitur:
1314 3063 1356 3134 de
1390 3059 1570 3134 Historiae
1602 3059 1869 3134 Ecclesiastiece
1893 3064 1929 3130 et
1961 3057 2163 3156 theolopiae
2281 3157 2283 3160 Ι

637 3183 791 3255 Moralis
811 3183 944 3267 stadio,
979 3181 1034 3255 aa
1051 3183 1197 3255 mariae
1227 3180 1350 3256 dietus
1363 3187 1457 3254 arcte
1484 3181 1720 3278 coniungendo.
1761 3176 1976 3282 Quod-cum
2000 3175 2070 3251 iam
2098 3202 2159 3276 ag-

636 3299 792 3399 grediar,
827 3325 888 3375 vos
908 3323 1050 3388 omnes,
1076 3298 1264 3375 Auditores
1285 3299 1562 3374 Humanissimi!
1588 3306 1761 3397 quotquot
1789 3296 1940 3384 adestis,
1967 3304 2008 3372 ut
2029 3296 2163 3396 ingenii

637 3420 706 3494 mei
732 3445 773 3495 ao
805 3419 944 3494 dicendi
972 3420 1265 3508 mediocritatem,
1301 3444 1342 3494 ea
1375 3445 1464 3518 quae
1496 3421 1533 3494 in
1563 3417 1663 3494 vobis
1689 3426 1759 3505 est,
1791 3417 2028 3506 humanitate,
2054 3415 2159 3491 bane·

636 3541 785 3617 volentia
809 3566 850 3617 ao
869 3539 1038 3640 patientia
1061 3540 1269 3630 sublevetis,
1296 3539 1402 3616 etiam
1429 3547 1534 3639 atquc
1558 3539 1665 3615 etiam
1687 3545 1825 3639 rogatos
1844 3538 1932 3614 volo·

685 4015 756 4102 At,
769 4038 849 4089 cum
866 4017 936 4091 iam
950 4016 989 4090 in
1004 4040 1046 4090 eo
1060 4022 1214 4090 versetur
1229 4024 1346 4091 nostra
1360 4018 1489 4107 oratio,
1510 4025 1550 4093 ut
1563 4017 1608 4093 ad
1619 4024 1864 4116 argumentum
1878 4075 1888 4105 ‚
1901 4015 1997 4115 quod
2011 4019 2159 4089 tractan-

637 4135 723 4210 dum
754 4136 895 4235 putari,
923 4137 1066 4236 propius
1096 4136 1276 4211 accedam:
1312 4161 1390 4212 ecce
1418 4138 1519 4213 nobis
1543 4147 1746 4227 occurrunt,
1777 4139 1839 4238 qui
1864 4138 1952 4214 mihi
1972 4136 2158 4212 obiiciant:

637 4255 715 4330 ride
747 4256 812 4355 qul
837 4265 879 4332 tu
906 4282 981 4337 rem
1008 4265 1107 4333 tuam
1129 4255 1219 4330 bene
1243 4253 1345 4355 agas,
1379 4258 1441 4356 qui
1462 4283 1641 4358 perperam
1664 4260 1838 4334 connectis
1866 4258 1921 4334 vel
1942 4256 2059 4357 potius
2081 4281 2158 4354 per·

636 4377 760 4452 misces
782 4385 819 4451 et
839 4378 1024 4453 contundis
1050 4378 1205 4481 dispares
1232 4375 1458 4477 Theologioae
1483 4377 1683 4476 discipliuae
1709 4387 1845 4479 partes,
1875 4379 2017 4478 quaesi
2043 4377 2160 4451 minus

636 4496 704 4571 sibi
723 4485 870 4574 invicem
898 4499 1142 4588 adversentur,
1176 4504 1250 4572 toto
1272 4497 1409 4573 coeloa
1436 4523 1473 4572 se
1495 4499 1622 4574 distare
1646 4511 1682 4573 et
1704 4500 1840 4575 differre
1865 4501 2046 4574 videantur
2057 4533 2067 4587 ;
2102 4498 2159 4574 oui

636 4615 744 4692 dubio
763 4626 804 4693 ut
821 4619 1049 4719 respondeam
1067 4619 1213 4695 forsitan
1235 4618 1300 4693 hoc
1320 4643 1429 4693 unum
1452 4619 1604 4717 prolerre
1625 4601 1790 4708 sufficiat,
1814 4645 1834 4695 e
1856 4620 2036 4695 notissimo
2052 4620 2158 4694 (hon-

637 4759 746 4812 aorus
784 4738 877 4814 dicto
915 4747 1143 4816 rcunetarum
1171 4739 1301 4827 artium
1326 4737 1366 4815 ba
1390 4739 1648 4839 disciplinarum
1668 4765 1852 4816 commune
1880 4741 2056 4840 quoddam
2084 4765 2160 4816 esse

635 4854 835 4933 vinculum''
860 4867 986 4961 atque,
1012 4861 1089 4938 ruti
1115 4885 1236 4938 omnes
1261 4869 1404 4937 naturae
1428 4869 1544 4960 partes
1566 4869 1648 4937 sunt
1675 4869 1938 4961 coagmentatae
1962 4861 2055 4936 inter
2084 4885 2159 4936 sese
