4892 6184
851 697 1128 771 ORATIO.
1567 710 1570 714 “
1704 703 1748 768 41

231 919 381 1014 tumque
403 911 650 989 fabricatorum
674 910 814 1012 ingenio
841 912 895 987 vel
918 911 1034 1012 potius
1057 911 1219 988 manibus
1247 915 1301 985 est
1329 908 1469 984 credita.
1518 910 1589 984 Itos
1611 934 1690 985 vero
1708 911 1746 985 in

230 1034 314 1109 mali
348 1040 508 1110 naturam
543 1057 613 1109 non
638 1038 857 1133 penetrasse,
889 1032 950 1108 sed
978 1032 1195 1108 solummodo
1228 1029 1315 1128 quid
1339 1028 1578 1105 instrumentis
1609 1031 1747 1106 mecha·

229 1150 305 1226 nice
329 1153 416 1228 effici
438 1152 549 1252 possit
569 1177 643 1226 esse
668 1151 895 1252 periclitatos,
920 1151 977 1226 vix
999 1152 1116 1226 minus
1138 1158 1191 1226 est
1210 1147 1437 1248 ambiguum,
1463 1173 1569 1248 quam
1588 1148 1747 1224 trochleis

166 1329 175 1346 .
227 1270 483 1369 momentisque
514 1270 601 1345 tales
626 1268 866 1344 difformitates
896 1268 1061 1344 radicitus
1094 1292 1164 1344 non
1192 1293 1294 1368 posse
1324 1267 1407 1344 tolli.
1457 1269 1583 1366 Itaque
1612 1269 1649 1343 in
1669 1269 1745 1349 ehi·

227 1387 364 1487 rurgiae
398 1397 579 1489 tamquam
611 1389 711 1466 horto
746 1390 870 1464 sterilis
902 1390 1026 1465 haecce
1053 1388 1181 1463 frustra
1203 1387 1380 1462 colebatur
1406 1387 1528 1475 arbor,
1559 1396 1595 1463 et
1616 1414 1769 1488 aequa-s

228 1507 320 1582 libus
341 1507 484 1584 demum
505 1509 638 1586 aridam
657 1515 920 1608 emortuamque
939 1532 1049 1607 paene
1069 1508 1226 1582 arborem
1246 1506 1391 1581 invitam
1407 1532 1563 1582 revocare
1583 1509 1745 1608 contigit,

228 1652 323 1726 quae
340 1627 410 1702 iarn
436 1627 526 1702 laete
548 1617 695 1717 effloret,
719 1628 886 1727 novisque
909 1627 945 1700 in
968 1627 1043 1700 dics
1063 1625 1153 1700 soliis
1176 1625 1416 1725 fructibusque
1436 1634 1587 1704 ornatur.
1637 1628 1744 1704 Intel·
1779 1613 1788 1626 ⁹

226 1747 356 1822 lactum
385 1752 439 1819 est
472 1761 591 1821 earum
625 1745 887 1822 difformitatum
914 1771 985 1821 non
1008 1770 1144 1844 semper
1166 1745 1306 1820 easdem
1334 1770 1408 1820 esse
1434 1752 1555 1821 causas
1579 1773 1643 1822 nec
1665 1773 1745 1822 ean·

227 1864 306 1939 dem
329 1871 512 1954 natiuam,
536 1866 749 1942 intellectum
771 1875 823 1940 est
835 1891 893 1941 eas
910 1866 1014 1940 modo
1034 1890 1115 1945 cum
1139 1865 1222 1954 hoc,
1249 1864 1352 1938 modo
1372 1890 1454 1940 cum
1472 1866 1547 1955 illo,
1567 1868 1745 1942 cohaerere

225 1984 364 2073 morbo,
397 2010 506 2085 eoque
542 1986 684 2061 demum
710 1993 889 2086 perspecto
917 1985 1114 2060 discrimine
1147 1985 1406 2084 prudentiorem
1427 1986 1564 2062 institui
1583 2014 1684 2086 posse
1711 1997 1746 2064 et

226 2103 351 2180 rationi
375 2107 486 2205 magis
513 2116 778 2182 consentaneam
800 2107 998 2181 morborum
1021 2106 1244 2181 curationem.
1295 2107 1452 2181 Multum
1469 2107 1611 2205 quidem
1629 2109 1745 2198 abest,

227 2231 267 2298 ut
298 2225 343 2300 de
370 2225 475 2300 buius
496 2226 610 2300 morbi
633 2226 843 2325 pathogenia
868 2232 903 2298 et
926 2226 1082 2322 therapio
1106 2227 1197 2298 inter
1219 2249 1340 2298 omnes
1361 2227 1558 2315 conveniat,
1592 2229 1654 2301 sed
1674 2253 1745 2303 em·

226 2345 315 2445 piria
332 2369 475 2444 regnare
496 2345 598 2420 desiit
608 2379 617 2434 ;
643 2370 712 2420 non
732 2345 881 2445 amplius
899 2341 1052 2442 prudens
1071 2343 1255 2441 chirurgus
1274 2344 1515 2438 instrumentis
1540 2348 1747 2424 mechanicis

226 2465 410 2563 lectisque,
431 2465 493 2562 qui
512 2465 704 2539 Procrustis
726 2464 854 2538 lectum
877 2464 1076 2550 imitantur,
1106 2461 1253 2538 salutem
1274 2464 1427 2560 quaerit,
1453 2465 1514 2538 sed
1538 2466 1745 2562 dynamicis,

227 2584 417 2660 diaeteticis
454 2583 730 2683 mechanicisque
761 2583 845 2658 scite
867 2583 1059 2658 coniunctis
1079 2580 1252 2657 remediis.
1302 2582 1479 2679 Imprimis
1498 2591 1614 2658 nostra
1631 2593 1743 2662 aetate

225 2711 446 2802 perspectum
495 2709 548 2776 est
592 2709 630 2778 et
664 2702 784 2776 multis
821 2700 1009 2776 felicissimi
1054 2707 1200 2775 aventus
1239 2700 1406 2799 exemplis
1452 2701 1747 2796 demonstratum,

225 2821 458 2922 gymnastiam
480 2821 518 2896 in
548 2828 809 2898 curvaturarum
836 2820 1021 2921 spinolium
1039 2821 1215 2896 curatione
1241 2819 1415 2918 insignem
1434 2845 1600 2920 occupare
1619 2823 1746 2902 locum.

226 2944 302 3017 Iam
331 2941 394 3016 diu
421 2948 490 3031 est,
525 2969 569 3016 ex
600 2968 670 3042 quo
695 2943 776 3017 huic
800 2942 972 3018 tollendae
996 2941 1211 3017 difformitati
1232 2940 1492 3016 exercitationes
1514 2944 1748 3040 gymnasticae

23 3031 27 3042 ι
138 3125 141 3132 .
187 3151 191 3162 ,
227 3061 385 3138 adhiberi
414 3069 497 3137 sumt
526 3071 687 3163 coeptae,
719 3063 781 3138 sed
808 3062 872 3138 hac
901 3087 1040 3161 quoque
1075 3062 1158 3136 artis
1189 3068 1288 3162 parte
1314 3067 1432 3136 nostra
1464 3069 1576 3137 aetate
1603 3064 1749 3138 ulterius

228 3205 350 3257 sumus
382 3182 564 3282 progressi.
616 3185 738 3262 Quum
771 3182 864 3258 enim
881 3165 1398 3282 intelligeretur“saepenumero
1424 3182 1612 3258 anomalias
1642 3209 1748 3283 appa·

227 3309 323 3376 ratus
346 3302 484 3376 motorii
505 3311 767 3379 cmvaturarum
787 3327 861 3378 essa
882 3327 1044 3392 causam,
1068 3303 1106 3376 in
1126 3301 1296 3377 auxilium
1317 3308 1436 3376 vocata
1452 3303 1544 3378 thesi
1561 3302 1750 3382 certissima

229 3428 265 3496 et
287 3421 464 3498 verissima
487 3447 593 3521 quam
616 3447 705 3523 quae
725 3421 894 3512 maxime,
915 3447 993 3498 ossa
1006 3421 1077 3496 fere
1099 3422 1198 3521 sequi
1214 3421 1405 3520 impulsum
1421 3424 1624 3510 motorium,
1644 3448 1750 3521 quem

228 3567 250 3616 a
290 3541 457 3617 musculis
492 3541 706 3642 acciperent,
755 3543 1001 3643 musculosque
1035 3543 1128 3642 ipsos
1169 3541 1359 3614 exercendo
1396 3540 1624 3627 corroborari,
1665 3541 1749 3630 hac,

92 3683 98 3688 “
228 3659 392 3758 inquam,
417 3661 454 3738 in
481 3663 651 3738 auxilium
673 3671 791 3740 vocatu
813 3663 923 3749 thesi,
947 3668 1092 3737 nataest
1105 3660 1321 3760 gymnastia,
1347 3659 1515 3734 cuiushic
1528 3659 1749 3759 potissimum

229 3782 303 3852 erat
327 3779 422 3868 finis,
449 3787 490 3855 ut
519 3782 770 3880 corrigerentur
794 3781 962 3868 musculi,
988 3779 1049 3878 qui
1072 3778 1243 3879 cumipse
1265 3778 1498 3853 difformitatis
1521 3779 1602 3855 sede
1627 3781 1748 3856 cohae-

229 3902 317 3972 rent.
353 3899 418 4000 Est
439 3901 624 3975 methodus
650 3899 1060 3999 aLruu1oexcogitata,
1086 3899 1303 3997 quamv010,
1328 3923 1488 3998 quaeque
1499 3900 1663 3975 omuibus
1678 3901 1748 3978 iarn

230 4016 478 4116 plaudentibus
498 4019 694 4096 introducta
717 4019 984 4118 felicissimoque
1005 4018 1195 4094 identidem
1218 4042 1381 4093 successu
1407 4028 1461 4095 est
1482 4027 1652 4096 coronata.

280 4138 351 4212 Sed
386 4145 427 4213 ut
462 4139 543 4218 vitia
577 4139 839 4242 orthopaedica,
872 4139 1043 4238 imprimis
1078 4144 1281 4214 curvaturae
1306 4163 1394 4237 quas
1415 4139 1511 4227 dixi,
1548 4140 1614 4215 rite
1637 4141 1749 4215 curari

231 4256 385 4355 possint,
418 4281 506 4358 opus
537 4265 590 4333 est
611 4265 651 4334 ut
675 4258 736 4333 tali
758 4258 979 4334 difformitate
1003 4259 1197 4335 laborantes
1221 4259 1288 4334 sub
1310 4258 1435 4334 medici
1455 4261 1572 4334 oculos
1592 4261 1629 4333 in
1650 4260 1742 4336 aedi·

232 4375 319 4452 ficiis
355 4377 502 4478 degant,
536 4378 719 4454 exstructis
754 4379 822 4468 ita,
858 4387 898 4454 ut
921 4378 1002 4454 huic
1025 4379 1087 4454 uni
1111 4380 1174 4453 fini
1201 4378 1409 4468 inserviant,
1450 4379 1612 4453 instituta
1633 4380 1748 4454 ortho-

232 4496 377 4598 paedica
408 4503 579 4574 nostrates
609 4499 794 4598 appellant.
853 4499 961 4574 Plana
997 4499 1179 4598 peculiaris
1215 4500 1310 4574 enim
1344 4499 1489 4597 eiusque
1514 4499 1641 4574 indolis
1667 4507 1749 4574 suut

233 4615 403 4705 remedia,
425 4616 555 4714 quibua
579 4618 739 4720 chirurgo
765 4619 802 4694 in
823 4619 918 4694 hisce
938 4619 1068 4694 morbis
1092 4627 1145 4694 est
1165 4619 1356 4707 utendum,
1381 4626 1422 4694 ut
1443 4618 1480 4694 in
1501 4619 1603 4694 domo
1613 4620 1747 4720 privata

234 4737 289 4812 vel
310 4736 524 4836 amplissima
543 4745 580 4815 et
601 4739 794 4815 lautissima
814 4740 921 4814 finem
944 4739 1159 4840 propositum
1183 4739 1240 4814 vix
1257 4765 1297 4814 ac
1319 4763 1364 4814 ne
1381 4739 1438 4816 vix
1452 4740 1595 4840 quidem
1609 4742 1748 4841 assequi
1794 4739 1799 4746 “

234 4855 354 4956 possit.
404 4857 512 4934 Nulla
532 4857 603 4936 lere
622 4867 675 4936 est
694 4858 863 4938 maiorum
887 4860 1046 4960 Europae
1066 4859 1226 4949 urbium,
1249 4859 1334 4958 quin
1355 4860 1393 4935 in
1412 4885 1453 4936 ea
1472 4859 1747 4937 taleaedificium

722 5003 726 5018 ·
1485 4982 1507 5056 6
