4892 6184
562 765 564 769 ,
673 691 737 760 roa
1235 663 1237 668 ’
1275 693 1314 756 n.
1347 693 1382 760 a.
1419 691 1590 761 varan

719 900 945 974 Laborutorio
968 897 1203 997 Phyeiologico
1225 898 1310 972 item
1335 899 1428 974 varia
1453 898 1573 974 addita
1597 901 1680 972 sunt
1702 895 1935 972 instrumenta
1949 895 2118 996 pretiosa,
2145 899 2184 974 in

670 1019 725 1095 his
750 1019 1043 1119 Kymoyrupiiou,
1067 1016 1328 1116 perfectumque
1352 1021 1439 1093 oculi
1465 1017 1652 1116 Speculum.

718 1139 948 1214 Nouocomium
972 1137 1205 1211 Academicum
1230 1138 1362 1236 gaudet
1386 1138 1488 1212 hodie
1512 1135 1755 1212 instrumentis
1781 1134 1994 1235 Chirurgicis
2016 1139 2185 1216 sufficien-

652 1257 786 1358 tibus,
821 1257 942 1332 multis
973 1254 1070 1330 novis
1095 1254 1208 1354 iisque
1234 1255 1393 1354 pretiosis
1418 1253 1469 1330 illi
1493 1255 1631 1331 additis.
1683 1255 1754 1332 Sed
1779 1256 1933 1354 ipsorum
1959 1257 2099 1333 aedium
2121 1261 2186 1334 mi-

673 1376 823 1451 serrima.
838 1375 990 1452 conditio
1014 1374 1129 1451 adhuc
1152 1402 1194 1451 eo
1215 1385 1289 1467 est,
1315 1385 1355 1452 nt
1378 1403 1442 1453 nee
1467 1384 1683 1476 aegrotantes
1708 1374 1784 1475 capi
1809 1374 1877 1450 illis
1899 1383 2029 1474 queant
2052 1378 2185 1478 riteque

671 1496 802 1585 curari,
830 1521 894 1571 nec
915 1497 1146 1571 instrumenta
1169 1505 1250 1596 apte
1275 1499 1409 1574 servari.
1460 1496 1595 1586 Verbo,
1625 1496 1856 1570 Nmocomium
1879 1518 1924 1568 ne
1952 1495 2021 1570 diei
2043 1499 2186 1595 quidem

672 1623 834 1690 meretur.
885 1618 1010 1714 Itaque
1045 1615 1089 1689 de
1121 1615 1338 1690 emendando
1371 1615 1431 1689 illo
1464 1621 1500 1688 et
1531 1612 1772 1712 amplificando
1800 1611 1871 1686 ium
1899 1613 1962 1688 diu
1990 1615 2187 1714 cogitarunt

673 1734 878 1822 Curatores,
908 1759 1104 1834 magnaque
1125 1759 1219 1809 nunc
1247 1759 1325 1832 spes
1348 1741 1420 1822 est,
1446 1740 1487 1808 ut
1510 1731 1702 1808 coniunctis
1724 1739 1802 1806 tum
1825 1730 1984 1823 illorum,
2007 1741 2085 1808 tum
2108 1735 2185 1810 Ma-

672 1854 883 1954 gistratuum
914 1853 1088 1943 civilium,
1124 1860 1201 1928 tum
1234 1854 1476 1929 Praefectuum
1511 1849 1710 1928 Nosooomii
1743 1848 1868 1924 urbani
1901 1851 2013 1941 euris,
2046 1854 2186 1928 tandem

672 1981 789 2048 ratum
812 1974 895 2062 fiat,
921 1974 1016 2072 quod
1038 1973 1155 2071 plures
1177 1972 1249 2048 iam
1272 1998 1380 2047 annos
1404 1973 1440 2046 in
1466 1973 1553 2047 votis
1576 1971 1655 2047 init.

721 2094 877 2168 Murcum
910 2093 1111 2192 Phyaicam,
1143 2093 1403 2166 Laborutcsium
1438 2094 1624 2167 Otemioum
1647 2096 1682 2164 et
1709 2089 1979 2164 observatorum
2001 2093 2186 2166 Marcam·

667 2213 780 2307 pieum
802 2212 892 2285 laeto
916 2217 1011 2285 statu
1033 2211 1185 2311 gaudere
1203 2218 1365 2311 pergunt.
1403 2211 1511 2289 Quod
1532 2209 1693 2287 affirmari
1714 2224 1853 2308 quoque
1872 2216 1987 2308 potest
2009 2210 2053 2284 de
2074 2211 2187 2285 Horto

674 2330 846 2419 totumue,
874 2330 974 2406 cuius
1000 2337 1117 2405 tamen
1141 2331 1315 2418 aedificia,
1339 2331 1553 2406 asservandis
1578 2330 1705 2429 plantis
1725 2328 1921 2421 destinata,
1949 2329 2065 2403 minus
2085 2336 2186 2428 apta,

673 2472 869 2548 magnaque
893 2449 1134 2523 emendatione
1157 2448 1313 2547 indigere
1338 2448 1510 2522 dicuntur.
1769 2465 1775 2468 ·

723 2569 892 2665 Speculue
915 2567 1066 2664 deniqne
1092 2569 1335 2640 astronomicae
1354 2565 1545 2640 aedificatio
1566 2566 1725 2640 absoluta
1748 2574 1820 2640 est:
1848 2590 1919 2664 qua
1942 2566 1987 2639 de
2008 2591 2045 2640 re
2068 2567 2186 2642 mirifi-

676 2709 758 2758 cum
786 2685 824 2756 in
855 2684 1002 2758 modum
1033 2681 1249 2780 gaudemus,
1279 2705 1476 2781 procura,
1507 2705 1615 2781 quam
1643 2683 1736 2756 illius
1769 2692 1951 2782 gesserunt
1980 2685 2189 2775 Curatores,

675 2802 844 2877 maximas
876 2802 920 2875 iis
954 2802 1083 2901 gratius
1119 2809 1272 2900 ugentes.
1324 2799 1509 2875 Consecuti
1538 2802 1631 2876 enim
1661 2801 1731 2876 iam
1754 2825 1892 2892 sumus,
1929 2811 1992 2878 cut
2015 2806 2191 2902 praeclara

681 2921 945 2996 uAstronomiae
975 2921 1172 3009 doctrina,’'
1204 2919 1317 2994 verbis
1349 2927 1428 2994 utor
1454 2921 1497 3000 cl.
1523 2921 1703 2996 Munnnnr
1717 2922 1805 3015 ¹⁰¹),
1842 2945 1925 3021 apro
1946 2923 1996 2996 rei
2018 2922 2190 3022 dignitate

682 3047 739 3114 rtet
772 3063 854 3116 cum
889 3039 1004 3116 fructu
1024 3039 1245 3132 *ducentium
1276 3038 1313 3112 in
1345 3039 1410 3114 hac
1439 3037 1670 3115 Universitdte
1697 3039 1763 3115 coli
1791 3048 1826 3115 et
1849 3041 2011 3140 explicari
2032 3045 2188 3141 queat:”

683 3185 773 3259 quae
791 3160 913 3250 verba,
936 3160 1137 3260 praesertim
1157 3159 1361 3236 auctoritate
1376 3160 1418 3234 ol.
1435 3159 1535 3234 Burs
1555 3161 1705 3234 Bunuor
1722 3159 1840 3250 nisus,
1864 3161 1989 3278 lubens
2001 3160 2186 3240 meafocio.

724 3399 986 3475 Communicevi
1016 3398 1213 3488 vobiscum,
1244 3401 1342 3476 AA.1
1376 3401 1419 3475 de
1451 3399 1621 3475 institutis
1648 3399 1936 3498 adminiculisque
1965 3400 2188 3491 academicis,

678 3541 768 3617 quae
788 3517 842 3591 vel
860 3517 936 3616 ipss
960 3541 1147 3606 noveram,
1172 3516 1226 3592 vel
1249 3519 1439 3618 aCollegis
1462 3519 1548 3593 meis
1572 3544 1779 3619 acceperam.
1830 3521 1912 3599 Quo
1929 3517 2038 3607 iacto,
2062 3520 2108 3594 ad
2127 3544 2189 3596 vos

676 3638 804 3713 iterum
840 3661 898 3713 me
932 3645 1110 3727 converto,
1145 3639 1293 3714 Iuvenes
1323 3638 1627 3738 praestantissimi!
1669 3638 1930 3715 Commilitones
1957 3639 2185 3714 ornatissimi!

677 3755 885 3831 certaminis
904 3757 1013 3832 enim
1046 3757 1191 3832 ineundi
1216 3756 1416 3836 facultatem
1445 3759 1543 3833 vobis
1573 3758 1688 3833 indico
1713 3757 1949 3858 praebeoque,
1982 3782 2053 3833 non
2084 3758 2186 3857 quale

676 3876 767 3962 iam,
800 3873 909 3948 cheul
940 3874 1031 3948 inter
1055 3877 1264 3974 potentiores
1280 3879 1448 3979 Europae
1473 3887 1594 3978 gentes
1619 3879 1769 3979 geritur,
1794 3879 1856 3953 sed
1879 3877 2099 3965 litterarium,
2124 3876 2183 3952 ho·

674 4000 835 4080 nestum,
866 3993 1113 4082 honorificum,
1143 4019 1213 4092 quo
1241 3997 1378 4073 nullum
1407 4007 1460 4073 est
1488 3998 1700 4098 periculum,
1729 4004 1770 4073 ut
1791 3998 1992 4074 sauciemini
2014 4004 2119 4096 atque
2142 4021 2185 4072 ex

677 4113 827 4212 acceptis
854 4112 1056 4188 vulneribus
1087 4113 1303 4206 moriamini3
1337 4117 1398 4190 sed
1428 4141 1498 4216 quo
1527 4117 1658 4216 ingenii
1688 4118 1863 4216 animique
1889 4117 1976 4192 vires
1998 4123 2184 4204 acuantur,

674 4233 908 4334 explicentur,
939 4242 1142 4333 augeantur.
1193 4234 1252 4308 Ad
1283 4237 1561 4334 respondendum
1594 4237 1688 4311 enim
1711 4244 1789 4312 tum
1813 4237 1931 4326 vobis,
1957 4243 2035 4312 tum
2056 4243 2183 4311 cetera-

676 4379 754 4428 rum
777 4354 1046 4430 Academiarum
1069 4360 1106 4429 et
1128 4355 1386 4432 Athenaeorum
1410 4356 1543 4430 civibus
1565 4365 1804 4456 proponuntur
1823 4359 1889 4434 hee
1912 4356 2157 4437 Quaestiones:

1140 4551 1167 4617 A
1191 4552 1423 4620 FACULTATE
1445 4551 1720 4620 THEOLOGICA:

727 4711 941 4789 Ostendetur
965 4738 1008 4788 ex
1034 4713 1196 4803 historia,
1220 4713 1307 4812 quid
1336 4715 1544 4813 Oarolingico
1568 4739 1649 4788 aeuo
1674 4713 1850 4814 religionis
1874 4713 2088 4790 Christianae
2111 4711 2183 4786 vim

674 4831 837 4907 moralem
875 4833 912 4907 in
953 4842 1075 4932 gentes
1105 4834 1396 4934 Neo-Europaeos
1428 4833 1664 4934 impediverit;
1700 4836 1874 4934 quomodo
1905 4835 1959 4911 vel
1989 4835 2037 4910 sic
2066 4840 2182 4908 umen
