4892 6184
863 679 1165 750 enarro..
1332 710 1339 720 -
1721 623 1777 746 aa

253 896 337 971 rhos
370 893 514 996 triginta
545 891 601 969 vel
628 889 859 992 quadraginta
889 913 998 968 annos
1026 891 1063 964 in
1092 895 1165 965 arte
1198 892 1317 962 nostra
1345 884 1551 985 praestitum
1573 891 1647 973 est;
1676 883 1763 982 quin

252 1038 397 1092 suoram
423 1038 533 1115 paene
561 1012 704 1090 omnino
727 1019 837 1088 artem
866 1010 1076 1101 creavimus,
1110 1017 1220 1086 artem
1244 1008 1322 1083 dieo
1347 1007 1490 1083 mutilos
1513 1006 1567 1082 vel
1589 1004 1765 1080 difformes

250 1134 309 1209 rin
343 1135 518 1234 integrum
552 1131 757 1210 restituendi
781 1132 836 1208 sel
864 1131 1058 1232 retingendi
1080 1167 1127 1184 -
1150 1151 1266 1227 neque
1293 1126 1414 1225 negari
1437 1132 1553 1225 potest
1574 1124 1639 1200 hac
1666 1129 1766 1224 parte

250 1251 481 1353 rohirurgiam
506 1261 644 1330 tantum
664 1252 796 1352 cepisse
820 1251 1093 1338 incrementum,
1126 1253 1300 1347 quantum
1331 1246 1394 1345 qui
1423 1252 1504 1322 ante
1533 1244 1766 1321 noscendam

249 1378 380 1448 sermm
408 1373 612 1450 excolebant
643 1373 797 1450 divinare
827 1397 898 1448 non
925 1377 1127 1472 potuerant,
1160 1391 1248 1468 quoa
1272 1390 1476 1466 persuasum
1501 1365 1588 1440 mihi
1610 1374 1664 1440 est
1690 1373 1764 1441 stu·

250 1500 393 1591 rpentes
418 1518 493 1569 esse
517 1493 725 1582 intuituros,
751 1494 780 1567 si
806 1493 1000 1591 chinugiae
1025 1490 1201 1589 proiectus
1225 1486 1268 1560 iis
1292 1485 1409 1560 liceret
1429 1483 1632 1583 inspicere.'’

179 1695 181 1702 Α
296 1613 517 1689 Salutileram
541 1614 687 1700 hancce,
713 1634 820 1710 quam
842 1635 897 1686 ars
918 1617 1036 1685 nostra
1061 1607 1234 1707 sequitru,
1258 1604 1350 1711 siam
1372 1604 1581 1679 recolamus:
1606 1601 1767 1702 gravissi·

198 1719 200 1726 ’
245 1755 397 1822 morum,
436 1756 526 1831 quaa
548 1732 595 1808 ad
622 1735 777 1806 nostram
810 1738 959 1806 aetatem
990 1731 1188 1830 pertinent,
1219 1727 1439 1800 inventorum
1462 1723 1595 1822 aliquot
1622 1747 1764 1799 enume-

243 1850 362 1926 rando.
402 1853 503 1931 Quae
521 1849 705 1951 praecipue
724 1858 914 1926 cernuntur
931 1851 969 1924 in
988 1873 1029 1925 ea
1047 1847 1241 1948 chirurgiae
1257 1850 1376 1946 parte,
1396 1867 1504 1942 quam
1523 1841 1767 1941 autoplastiam
1917 1893 1921 1904 ι

245 1976 280 2044 et
306 1969 567 2070 orthopaedism
600 1969 811 2070 operativum
845 1969 1072 2069 appellamus.
1122 1965 1201 2043 Hac
1228 1967 1324 2041 euim
1342 1974 1442 2066 parte
1469 1973 1540 2053 est,
1572 1987 1643 2063 qua
1671 1989 1768 2064 prae·

243 2088 343 2187 cipue
377 2113 576 2166 conservare
613 2096 650 2162 et
685 2093 877 2162 restaurare
911 2086 1046 2177 studet,
1080 2086 1144 2162 hac
1178 2093 1276 2184 parte
1300 2110 1417 2161 revera
1442 2084 1526 2161 artis
1553 2108 1681 2160 nornen
1715 2089 1769 2160 est

241 2209 446 2306 promerita,
480 2209 612 2308 quippe
642 2231 732 2306 quae
770 2206 944 2281 indefessa
968 2229 1072 2305 opere
1094 2206 1294 2304 fervidoque
1315 2206 1432 2281 studio
1456 2205 1494 2280 id
1518 2205 1564 2280 sit
1585 2214 1766 2295 assecuta,

243 2352 312 2424 quo
334 2327 506 2427 perveniri
530 2331 629 2427 posse
657 2326 741 2400 olim
767 2325 909 2401 omnino
934 2347 1003 2400 non
1027 2323 1198 2400 creditum
1223 2332 1308 2399 erat.

291 2447 514 2546 Chirurgiam
538 2445 735 2546 plasticam,
760 2444 794 2518 h.
818 2469 849 2519 e.
876 2451 985 2518 artem
1009 2445 1150 2518 mutilas
1174 2445 1230 2518 sel
1253 2442 1385 2517 deletas
1406 2442 1506 2519 faciei
1530 2450 1645 2544 partes
1664 2444 1767 2518 refin-

241 2565 347 2666 gendi
391 2572 527 2641 constat
559 2565 629 2639 iam
665 2562 916 2661 antiquissimis
956 2562 1170 2663 temporibus
1201 2561 1398 2661 cognitam,
1441 2586 1482 2636 ac
1522 2561 1666 2650 deinde,
1705 2563 1769 2636 aed

240 2692 395 2783 tempore
429 2682 596 2758 memoria
625 2688 745 2757 nostra
766 2681 871 2781 longe
895 2682 1027 2781 priore,
1055 2683 1093 2756 in
1117 2680 1219 2756 Italia
1244 2681 1429 2755 exercitam
1453 2679 1572 2755 fuisse.
1619 2680 1769 2775 Nostrae

240 2804 391 2903 denique
411 2802 516 2879 aetati
541 2802 687 2902 contigit
712 2801 915 2878 memoriam
932 2803 1016 2877 artis
1036 2802 1207 2878 oblivione
1225 2823 1335 2899 paene
1354 2799 1506 2900 deletae,
1530 2799 1766 2900 redintegrare

240 2947 353 3024 neque
388 2923 485 2998 haud
515 2922 567 2998 ita
600 2922 712 2998 multo
742 2931 930 3023 postquam
958 2921 1222 3024 rhinoplasticae
1252 2921 1470 3020 operationes
1505 2921 1599 2996 varia
1634 2919 1767 2997 ratione
1896 2915 1903 2923 ’

240 3045 316 3120 fieri
337 3051 435 3119 erant
459 3049 620 3144 coeptae,
645 3065 701 3119 ars
721 3044 882 3143 organice
899 3044 1040 3120 mutilas
1061 3044 1115 3118 vel
1139 3041 1270 3118 deletas
1292 3040 1393 3117 faciei
1413 3047 1530 3140 partes
1549 3040 1769 3117 instaurandi

242 3165 454 3267 amplificata
492 3171 527 3239 et
540 3163 810 3264 multiplicibus
840 3165 978 3240 casibus
1007 3162 1164 3240 adhibita
1194 3163 1282 3237 fines
1314 3185 1415 3251 suos,
1447 3169 1626 3262 tamqnam
1655 3183 1766 3262 expu-

241 3287 400 3387 gnando,
424 3288 462 3362 in
485 3287 560 3362 dies
581 3285 813 3385 amplificavit.
866 3284 936 3359 Sed
956 3307 1026 3360 non
1049 3277 1141 3359 facili
1163 3307 1267 3384 opera
1289 3305 1354 3357 nec
1380 3282 1456 3359 sine
1478 3307 1618 3358 summa
1637 3283 1766 3359 virium

241 3405 436 3482 intentione
465 3406 698 3507 expugnando
731 3405 818 3480 fines
845 3405 1053 3503 amplificare
1076 3404 1183 3480 licuit.
1233 3405 1328 3479 Nam
1345 3427 1457 3502 quum
1478 3405 1623 3479 omnino
1647 3427 1766 3501 opera·

240 3526 294 3602 tio
313 3524 507 3628 chirurgica
528 3525 692 3626 prudenti
716 3531 817 3625 egeat
837 3515 1017 3625 petitoque
1038 3525 1190 3613 artifice,
1214 3531 1292 3598 tum
1314 3524 1361 3598 ad
1380 3524 1643 3622 autoplastiam,
1664 3545 1763 3621 prae·

240 3646 341 3744 cipue
374 3646 419 3721 sd
452 3646 697 3745 autoplastiam
724 3645 945 3721 cosmeticam
976 3643 1041 3717 rite
1069 3667 1109 3718 ao
1138 3668 1220 3717 oum
1251 3642 1369 3716 hacta
1402 3642 1667 3742 perpetrandam
1692 3665 1764 3718 non

243 3763 369 3839 sufficit
392 3772 434 3840 ut
453 3765 612 3841 eruditus
635 3766 697 3855 sit,
722 3772 847 3841 cautus
875 3763 1075 3862 peritusque
1102 3760 1319 3861 Chirurgus,
1337 3761 1400 3836 sed
1423 3762 1577 3836 eundem
1599 3785 1689 3862 opus
1708 3770 1763 3838 est

241 3891 399 3960 aconmle
421 3893 457 3959 et
477 3886 692 3960 continenter
715 3885 752 3958 in
777 3889 921 3958 naturae
944 3881 1127 3980 indagasse
1152 3881 1219 3956 vim
1244 3883 1531 3980 reproductivam.

293 4005 359 4078 rIn
388 4002 485 4078 omni
518 4004 715 4104 operatione
735 4003 923 4104 plastica,''
955 4009 998 4075 ut
1018 4001 1131 4092 verbis
1157 4007 1237 4078 utar
1255 4001 1537 4080 Lasarrarorn
1557 3999 1759 4092 clarissimi,

240 4123 441 4224 professoris
468 4109 701 4200 Berolinensis
743 4121 916 4222 echirurgi
939 4145 994 4198 ars
1016 4128 1195 4198 exercetur
1217 4130 1253 4196 et
1274 4124 1427 4198 cernitur
1446 4123 1485 4198 in
1509 4123 1662 4199 amanda
1685 4145 1759 4198 rua-

244 4246 349 4322 ntcrie
381 4245 477 4334 viva;
514 4245 665 4344 reliquae
679 4267 817 4346 ‚omnes
845 4243 1060 4345 operationes
1080 4242 1118 4318 iu
1138 4242 1303 4319 cadavere
1329 4243 1557 4319 demonstrari
1582 4250 1689 4340 atque
1710 4243 1761 4318 ita

244 4365 398 4440 naddisoi
415 4373 647 4465 porsonam
671 4367 718 4442 ad
736 4366 982 4466 perlectionem
1007 4365 1398 4464 absolutionemquevix
1411 4363 1543 4462 aliquid
1553 4361 1645 4437 desit
1651 4393 1661 4450 ;
1686 4360 1761 4436 ohi-

152 4545 153 4548 ,
243 4485 400 4585 nnugiae
419 4487 583 4585 plasticae
602 4511 706 4562 nemo
724 4489 766 4562 fit
790 4486 933 4578 artifex,
965 4485 1051 4586 quin
1070 4485 1107 4560 in
1130 4507 1271 4584 corpore
1292 4485 1368 4560 viro
1389 4480 1562 4583 stipendia
1580 4481 1756 4558 meruerit.

244 4605 413 4681 rNullum
433 4613 487 4681 est
513 4607 750 4708 operationum
777 4633 909 4710 genus,
937 4608 1033 4708 quod
1065 4606 1152 4682 adeo
1182 4613 1339 4682 exerceat
1364 4604 1546 4704 ingenium
1579 4610 1615 4677 et
1640 4607 1758 4678 teneat

242 4749 494 4826 rsuspensum,
519 4751 629 4828 quum
652 4753 723 4804 nou
742 4729 780 4804 id
804 4736 942 4806 tautum
964 4713 1159 4830 spectetur,
1181 4733 1222 4802 ut
1236 4728 1329 4804 malo
1338 4727 1559 4817 medeamur,
1576 4723 1639 4802 scd
1648 4723 1756 4828 etiarn

244 4853 305 4922 rut
329 4846 461 4924 mutilis
477 4847 642 4947 'partibus
664 4849 846 4949 pristinam
870 4849 1017 4928 formam
1041 4848 1266 4935 reddamus'}

1467 4970 1487 5040 5
1495 4965 1516 5011 R
