4892 6184
892 719 1172 789 ORATIO.
1687 716 1789 786 ·135

272 930 388 1018 brem,
420 928 579 1028 quamvis
610 951 788 1003 summum
817 929 942 1006 Virum
971 929 1272 1029 qualibuscunque
1291 927 1378 1002 meis
1403 926 1565 1002 laudibus
1590 927 1692 1024 longe
1716 949 1790 1000 esse

271 1052 437 1128 maiorem
466 1048 606 1148 penitus
635 1049 818 1146 persentio.
877 1050 1070 1126 Historiam
1098 1049 1290 1148 Religionis
1314 1055 1350 1122 et
1373 1048 1553 1122 Societatis
1575 1045 1791 1121 Christianae

269 1169 495 1245 iamdudum
518 1169 606 1244 bene
632 1168 752 1243 multis
775 1170 960 1248 dumetum
980 1171 1159 1270 quoddam
1184 1170 1268 1244 satis
1292 1168 1360 1243 late
1380 1177 1501 1267 patens
1523 1175 1559 1242 et
1581 1167 1718 1242 aridum
1741 1167 1789 1240 vi-

270 1316 350 1366 sum
380 1313 456 1364 esse
488 1289 663 1364 neminem
695 1289 808 1387 paulo.
836 1290 1034 1389 peritiorem
1065 1289 1167 1390 fugit.
1218 1288 1313 1364 Hinc
1343 1288 1493 1376 laetum,
1530 1295 1570 1362 ut
1597 1287 1692 1364 nulla
1718 1287 1789 1362 lere

268 1411 466 1499 fructuum,
490 1435 579 1509 quos
598 1418 752 1508 gesserat
774 1435 876 1508 ager,
901 1411 1034 1486 ratione
1052 1410 1190 1498 habita,
1215 1410 1264 1483 iu.
1275 1409 1333 1484 illo
1353 1409 1465 1483 solum
1482 1433 1602 1507 vepres
1618 1433 1657 1484 ac
1673 1408 1789 1507 spinas

270 1531 370 1606 anxie
384 1531 488 1606 nimis
502 1541 538 1606 et
555 1530 716 1628 cupidius
728 1540 932 1627 quaererent
941 1555 1059 1606 rerum
1070 1540 1152 1606 ante
1163 1539 1343 1630 gestarum
1357 1529 1576 1626 indagatores
1587 1536 1623 1601 et
1633 1553 1788 1627 perscru-

267 1659 405 1728 tatores.
457 1650 563 1729 Quod
585 1674 654 1723 nou
681 1649 794 1723 solum
814 1651 851 1723 in
875 1651 1175 1727 centuriatoribus
1195 1648 1579 1748 Magdehurgensibus,
1600 1649 1661 1723 sed
1683 1649 1787 1726 etiam

268 1774 305 1846 in
326 1774 549 1856 Saraouene,
574 1768 769 1854 Heremo,
794 1769 939 1868 ahisque
958 1770 1106 1868 egregiis
1123 1769 1323 1866 ceteroquin
1345 1769 1443 1856 viris,
1465 1769 1787 1868 reprehendendum
1840 1773 1867 1792 χ

267 1915 343 1965 esse
377 1898 489 1976 recte,
521 1894 562 1962 ut
592 1887 732 1986 opinor,
764 1897 976 1964 monuerunt
1004 1889 1080 1964 Viri
1110 1890 1225 1978 docti,
1260 1889 1322 1988 qui
1343 1887 1529 1963 Nuiunao
1552 1898 1787 1988 parentarunt.

268 2012 452 2084 Nouanus
481 2032 559 2084 vero
586 2008 688 2107 plane
715 2007 886 2084 diversam
910 2009 995 2086 haec
1016 2011 1189 2086 tractandi
1213 2011 1306 2084 viam
1329 2017 1366 2084 et
1391 2009 1458 2084 sihi
1486 2011 1701 2109 sequendam
1723 2035 1788 2110 pu-

267 2130 353 2205 tavit
374 2139 411 2238 et
434 2129 511 2206 aliis
533 2127 856 2222 commendandam.
907 2131 1032 2205 Uhivis
1051 2132 1089 2205 iu
1113 2132 1275 2206 societate
1298 2129 1495 2206 Christiana
1520 2131 1678 2207 Coeleste
1700 2131 1789 2208 illud

267 2252 432 2349 Regnum
441 2250 487 2325 ob
497 2250 614 2324 oculos
626 2248 770 2336 habeus,
782 2250 946 2325 omuibus
959 2251 1103 2324 terrenis
1112 2251 1227 2349 regnis
1241 2261 1276 2332 et
1286 2249 1507 2324 societatibus
1518 2251 1679 2326 humanis
1688 2252 1790 2350 longe

268 2371 453 2446 sublimius
478 2379 515 2444 et
539 2369 719 2457 stabilius,
744 2393 847 2444 omne
868 2371 957 2445 illud
983 2396 1025 2445 ex
1053 2371 1211 2446 Historia
1233 2369 1488 2446 velutiaurum
1512 2379 1644 2445 eterra
1667 2395 1788 2446 eruan-

268 2492 354 2566 dum
378 2498 492 2588 atque*
508 2491 545 2563 in
574 2489 689 2564 media
716 2490 793 2564 luce
824 2490 1024 2587 ponendum
1057 2491 1212 2577 curavit,
1248 2488 1421 2588 quidquid
1446 2490 1582 2565 divinae
1613 2490 1788 2590 religionis

268 2611 340 2686 vim
372 2610 565 2685 beneficam
595 2608 642 2684 ad
670 2608 875 2684 miserorum
897 2610 1097 2684 mortalium
1126 2609 1260 2684 animos
1288 2608 1514 2682 consolandos
1539 2616 1645 2707 atque
1672 2635 1787 2686 emen·

268 2730 400 2805 dandos
424 2728 652 2827 patefaceret,
671 2729 845 2828 quidquid
861 2729 961 2805 facile
985 2730 1024 2804 iu
1047 2730 1238 2829 practicum
1259 2753 1364 2803 usum
1386 2729 1538 2804 converti
1557 2738 1673 2828 posset
1688 2731 1789 2805 adeo·

267 2875 335 2949 que
363 2848 455 2924 vitae
480 2848 660 2923 inserviret
684 2874 763 2924 vere
786 2849 1014 2928 Christianae.
1055 2852 1103 2925 m
1130 2856 1204 2925 tam
1231 2848 1376 2924 feliciter
1400 2872 1476 2922 rem
1502 2873 1603 2924 suam
1625 2850 1720 2948 egit,
1749 2859 1790 2924 ut

267 2994 368 3069 opere
401 2969 559 3044 nondum
592 2968 744 3068 perlecto
775 2977 811 3044 et
841 2969 975 3070 sibiet
1005 2970 1184 3070 religioni,
1213 2993 1320 3070 quam
1351 2968 1421 3044 vita
1445 2977 1481 3044 et
1512 2969 1648 3068 scriptis
1678 2970 1790 3045 tuitus

268 3098 335 3179 est,
356 3095 626 3165 mouumentum
649 3087 841 3165 condiderit
855 3115 933 3166 sere
946 3091 1143 3190 perennius.
1183 3091 1252 3164 Eat
1273 3113 1367 3164 nunc
1382 3089 1508 3188 aliquis
1531 3091 1567 3165 et
1592 3091 1791 3166 demeritis

267 3211 342 3286 eius
373 3210 558 3285 detrahens
589 3209 772 3308 perfricata
807 3211 919 3285 houte
955 3211 1095 3310 altoque
1121 3210 1303 3311 supercilio
1324 3211 1472 3285 affirmet
1495 3211 1712 3287 Nnauuamr
1737 3219 1789 3288 to·

267 3340 344 3406 tum
363 3330 519 3406 internae
542 3329 632 3404 vitae
653 3330 936 3429 contemplationi
958 3330 1117 3406 deditum
1137 3355 1193 3404 res
1211 3337 1371 3407 externas
1386 3355 1509 3429 parum
1531 3355 1687 3420 curasse;
1708 3355 1790 3408 eum

266 3450 386 3526 iudicii
409 3450 569 3526 acumine
590 3449 712 3525 cedere
744 3450 972 3542 Semnonum
1000 3451 1133 3550 ingenii
1162 3449 1345 3538 ubertate,
1376 3474 1465 3548 quae
1487 3449 1575 3524 sales
1601 3457 1641 3523 et·
1656 3451 1790 3526 lumina

268 3570 419 3670 spargit,
452 3571 596 3660 Hiero,
634 3572 672 3644 in
707 3571 966 3646 accuratissima
998 3570 1148 3643 fontium
1191 3569 1420 3667 descriptione
1455 3571 1510 3644 vel
1551 3569 1789 3646 aestimatione

269 3693 501 3780 Grusnnnn03
523 3692 578 3766 vel
604 3714 686 3766 eum
708 3691 747 3765 iu
775 3690 936 3765 dictionis
958 3682 1203 3788 perspicuitate
1232 3695 1268 3762 et
1302 3686 1373 3762 stili
1395 3687 1566 3788 elegantia
1589 3691 1794 3784 Mununro,

268 3809 798 3900 Husnnaacu10,Buuesuuao
813 3810 982 3884 minorem
994 3834 1070 3884 esee
1080 3808 1282 3884 habendum
1292 3841 1301 3896 ;
1313 3808 1366 3882 vol
1380 3809 1434 3882 his
1445 3809 1608 3884 omnibus
1620 3811 1789 3887 concessis

269 3929 407 4005 nullum
424 3931 548 4007 horum
567 3931 838 4030 coryphaeorum
849 3928 1322 4018 Nusunuo,Historioorum
1333 3930 1509 4026 quondam
1526 3931 1692 4031 principi,
1715 3933 1787 4032 pal-

269 4074 363 4125 mam
391 4058 609 4150 ereptmum,
639 4051 694 4124 vel
718 4049 854 4126 debitas
882 4050 921 4124 id
944 4057 998 4124 est
1021 4073 1175 4124 summas
1201 4049 1322 4124 budes
1341 4048 1595 4150 denegaturum
1615 4077 1690 4128 esse
1709 4079 1786 4154 per·

269 4195 413 4246 suasum
443 4171 531 4245 mihi
559 4169 690 4246 habeo!
729 4172 856 4247 Favete
888 4171 943 4270 pii
960 4171 1137 4246 Nasuam
1169 4170 1307 4245 manes!
1349 4171 1461 4244 Tuam
1491 4170 1680 4271 imaginem
1717 4197 1787 4270 quo

270 4287 403 4362 diutius
430 4288 585 4376 intueor,
614 4313 656 4362 eo
691 4288 805 4389 magis
835 4296 871 4364 te
897 4289 1067 4378 venerari,
1100 4287 1283 4377 admirari,
1315 4289 1475 4365 adamare
1507 4292 1644 4367 animus
1675 4291 1785 4369 iubet.

268 4408 371 4483 Faxit
390 4409 506 4497 Deus,
526 4417 567 4483 ut
590 4406 675 4484 haec
697 4416 760 4485 tua
781 4409 899 4510 imago
926 4409 1012 4484 mihi
1039 4433 1176 4508 semper
1205 4409 1256 4484 ita
1282 4408 1502 4498 obversetur,
1530 4419 1570 4486 ut
1594 4412 1683 4487 hane
1705 4437 1786 4488 con·

268 4528 486 4628 templando,
519 4535 554 4602 te
583 4529 709 4606 ducem
735 4531 933 4630 sequendo,
965 4538 1096 4629 tuaque
1119 4529 1247 4629 scripta
1274 4535 1443 4606 nocturna
1467 4530 1660 4630 diurnaque
1681 4531 1793 4610 mauu'

269 4649 454 4737 versando,
482 4673 621 4740 omues,
648 4649 710 4749 qui
729 4675 825 4726 meas
846 4650 981 4726 scholas
1003 4652 1150 4739 adeant,
1172 4649 1323 4724 reddam
1349 4648 1590 4748 sapientiores,
1612 4653 1785 4744 meliores,

269 4792 347 4844 vere
371 4768 604 4859 Christianos,
629 4777 735 4870 atque
760 4771 835 4870 ipse
858 4769 896 4845 in
920 4771 995 4845 dies
1019 4770 1206 4871 sapientior
1229 4769 1417 4870 meliorque
1440 4771 1593 4848 evadam.
