4892 6184
878 686 1153 756 ORATIO.
1709 696 1773 762 177

262 891 318 970 aui
340 891 499 970 notitiam
523 891 697 992 adspirare
717 899 823 992 atque
842 894 888 970 ed
909 896 1154 972 conscientiam
1175 896 1231 972 sui
1249 893 1452 996 pervenire?
1485 895 1614 974 critica
1630 899 1772 976 omnino
1856 946 1865 971 s

262 1021 315 1088 est
338 1012 461 1089 aetatis
484 1019 621 1089 nocuae
643 1012 752 1104 ratio,
777 1037 1004 1116 severumque
1026 1015 1195 1092 iudicium
1218 1016 1257 1092 in
1281 1021 1397 1092 semet
1413 1016 1491 1116 ipsa
1512 1026 1659 1096 exercet.

311 1130 514 1208 Universum
540 1131 650 1233 igitur
682 1132 902 1228 societatum,
936 1159 1025 1235 quac
1055 1159 1076 1211 e
1105 1143 1232 1212 natura
1257 1134 1429 1226 hominis,
1463 1137 1575 1236 qualis
1603 1137 1704 1214 nobis
1728 1164 1772 1213 cr

261 1251 477 1350 singulorum
518 1253 725 1353 populorum
764 1252 835 1328 vita
868 1261 991 1354 atque-
1007 1254 1108 1330 variis
1137 1255 1227 1330 vitae
1261 1254 1416 1354 iurisque
1457 1258 1772 1334 necessitudinibus

261 1377 421 1470 apparet,
447 1379 569 1469 sponte
595 1371 892 1464 redundaverunt,
913 1373 1166 1465 conditionem,
1196 1382 1364 1473 tanquam
1384 1384 1571 1475 perpetuae
1595 1368 1770 1454 cummen-

260 1488 401 1565 tationis
436 1490 739 1594 meditationisque
775 1492 954 1568 materiem
988 1491 1055 1567 sibi
1086 1516 1223 1568 sumere
1247 1491 1377 1568 debent
1402 1492 1656 1572 iureconsulti'
1693 1497 1773 1574 Hoc

260 1607 352 1685 enim
385 1609 502 1685 studio
534 1632 629 1686 nuno
659 1611 855 1686 mutinetm
876 1609 1071 1686 diuinarum
1090 1610 1151 1685 illu
1172 1611 1473 1712 humanarumque
1492 1639 1610 1691 rerum
1629 1617 1771 1705 neura,

259 1727 297 1801 iu
321 1751 392 1826 qua
420 1727 724 1826 imisprudeutiam
746 1729 872 1804 vmsari
896 1729 981 1804 olim
996 1716 1243 1804 'emanarunt
1264 1729 1340 1806 eius
1358 1731 1550 1808 antistitess
1576 1734 1635 1809 cui
1657 1734 1769 1810 officio

258 1845 543 1945 praestantissimi
568 1845 632 1936 viri
654 1846 704 1920 ite
725 1845 965 1922 satisfecerunt
984 1854 1025 1922 ut
1044 1846 1272 1924 arctissimam
1298 1856 1405 1947 atque
1428 1849 1672 1929 inimitabilem
1696 1853 1769 1929 lere

260 1962 421 2040 scientiae
442 1962 595 2064 artisque
616 1964 664 2040 in'
675 1965 718 2040 iis
744 1964 1023 2042 coniunctionem
1044 1989 1089 2040 ne
1111 1965 1270 2042 omnium
1292 1967 1436 2066 quidem
1456 1969 1670 2046 saeculorum
1688 1995 1768 2070 pos·

259 2083 377 2159 tarius
401 2083 484 2160 satis
508 2083 671 2160 admirari
692 2108 793 2184 posse
816 2083 982 2160 videatur.
1037 2084 1205 2160 Attamen
1227 2109 1298 2160 non
1319 2085 1358 2161 in
1379 2087 1452 2162 solo
1473 2087 1549 2164 iure
1574 2089 1666 2166 civili
1687 2114 1769 2166 cau·

260 2202 349 2278 sisse
383 2203 578 2280 forensibus
612 2226 742 2278 munus
779 2201 1003 2278 iureconsulti
1037 2202 1210 2278 annuus:
1251 2226 1464 2304 quamquam
1497 2206 1572 2283 sine
1614 2217 1774 2286 accurata

259 2330 337 2399 tum
367 2322 570 2412 bominum,
602 2330 680 2398 tum
702 2319 893 2411 societatis,
919 2328 997 2396 tum
1020 2344 1137 2398 rerum
1158 2321 1203 2396 de
1223 2320 1354 2420 quibus
1379 2322 1555 2422 agendum
1577 2334 1631 2400 est
1653 2328 1770 2426 cogni·

259 2441 373 2532 tiene,
409 2465 475 2517 nec
507 2449 599 2518 recte
634 2441 679 2516 da
707 2440 782 2516 iure
811 2439 1034 2540 respondebit
1069 2465 1183 2542 neque
1215 2440 1262 2517 ad
1292 2440 1350 2517 ius
1380 2443 1608 2520 excolendum
1636 2444 1771 2545 aliquid

260 2559 412 2638 conferre
448 2559 585 2659 poterit.
645 2558 830 2636 Enimvero
853 2561 956 2660 longe
976 2560 1077 2660 plura
1098 2568 1135 2643 et
1156 2559 1287 2636 maiora
1308 2559 1346 2635 in
1365 2561 1477 2660 patria
1495 2587 1634 2663 quoque
1654 2573 1772 2643 nostra

260 2680 306 2756 ab
336 2704 377 2756 oo
400 2677 641 2779 postulantur,
671 2678 736 2755 hcc
758 2675 834 2779 ipso
855 2686 1010 2780 tempora
1033 2704 1104 2781 quo
1126 2679 1212 2756 haec
1231 2679 1383 2778 disputo.
1432 2680 1549 2758 Multa
1571 2683 1666 2760 enim
1689 2685 1773 2759 inde

260 2824 282 2873 a
316 2797 481 2896 proximis
512 2796 612 2873 annis
641 2798 737 2898 apud
769 2822 833 2876 nos
865 2806 1001 2879 mutata
1031 2807 1114 2878 sunt
1147 2799 1185 2876 in
1218 2798 1356 2898 imperii
1389 2796 1604 2877 ordinatione
1639 2827 1772 2878 rerum·

260 2940 329 3014 que
363 2915 517 2994 civilium
545 2918 793 3016 procuratione.
843 2921 925 3000 Qua
956 2918 994 2995 in
1027 2942 1065 2994 re
1097 2919 1218 3020 procul
1251 2917 1360 2994 dubio
1385 2942 1467 2996 suas
1488 2927 1604 3019 partes
1627 2929 1776 3022 egerunt

260 3037 355 3114 baud
389 3037 511 3139 pauci,
540 3039 602 3137 qui
629 3039 667 3114 in
697 3036 793 3116 omui
822 3035 961 3113 civitate
991 3037 1103 3114 solent
1134 3061 1209 3114 essa
1232 3060 1398 3113 normam
1428 3060 1545 3115 rerum
1566 3039 1708 3139 cupidi,
1734 3050 1775 3116 ut

259 3156 403 3234 eliorum
435 3179 583 3256 regnum
612 3157 666 3234 vel
690 3156 870 3258 dignitatis
893 3155 1101 3256 honorisque
1126 3157 1245 3232 sedem
1266 3164 1492 3255 occuparent,
1528 3183 1667 3236 summa
1694 3161 1775 3237 imis

259 3275 451 3352 miscerent.
501 3277 647 3367 Fateor,
685 3276 917 3353 ffivembsimo
950 3275 1146 3377 proposito,
1179 3275 1243 3351 sed
1275 3282 1393 3352 tamen
1426 3276 1531 3352 multi
1564 3277 1650 3354 boni
1682 3280 1774 3356 cives

259 3394 402 3472 adducti
438 3403 520 3471 suut
548 3395 584 3470 in
615 3420 693 3472 eam
715 3395 912 3496 opinionem
934 3404 975 3472 ut
997 3403 1160 3495 putarent
1186 3394 1234 3470 ad
1252 3392 1504 3494 rempublicam
1524 3395 1770 3473 administram·
1828 3387 1837 3404 ’

260 3513 342 3588 dam
371 3513 543 3590 vocandos
568 3537 644 3592 esse
677 3515 740 3616 qni
766 3512 948 3591 commoda
968 3513 1044 3588 eius
1066 3519 1172 3610 atque
1197 3509 1431 3587 emolumenta
1458 3510 1583 3588 melius
1602 3515 1774 3613 perspice·

261 3639 338 3707 rent
365 3641 471 3731 atque
497 3641 720 3732 procurarent
743 3657 849 3732 quam
877 3630 939 3731 qui
973 3653 1052 3706 eam
1080 3629 1195 3706 adhuc
1225 3627 1424 3728 gessissent.
1473 3629 1598 3729 Itaque
1626 3642 1689 3707 aut
1709 3658 1776 3734 ego

261 3751 481 3830 vehementer
514 3751 632 3843 fallor,
665 3761 728 3829 aut
754 3750 821 3826 nisi
850 3748 973 3826 sedam
998 3757 1035 3825 ct
1067 3771 1220 3824 severam
1247 3771 1389 3849 operam
1413 3748 1499 3824 dent
1522 3749 1566 3825 iis
1591 3749 1775 3843 doctrinis,

261 3894 351 3969 quae
376 3870 422 3946 ad
448 3871 554 3947 vitam
581 3871 743 3948 socialem
763 3867 1036 3970 cognoscendam
1058 3866 1265 3968 legibusque
1279 3874 1316 3942 et
1332 3866 1502 3944 institutis
1523 3868 1776 3948 emendandam

262 3989 455 4088 pertinent5
497 4010 596 4066 eum·
616 3991 729 4066 locum
758 4013 829 4066 non
847 3986 1089 4072 :sustinebunt
1125 3985 1350 4063 iureconsulti
1382 4010 1488 4085 quem
1530 3987 1569 4062 in
1608 3987 1775 4080 civitatis,

260 4109 465 4209 regionum,
511 4107 649 4185 urbium
691 4131 929 4209 pagorumque
979 4106 1147 4207 regimine
1184 4104 1299 4182 ubivis
1330 4104 1403 4180 lere
1436 4114 1515 4204 post
1534 4105 1775 4184 *imminutam

262 4227 396 4304 civilem
418 4228 617 4304 clericorum
639 4227 877 4336 auctoritatem
901 4225 1139 4303 obtinuerunt.
1172 4224 1371 4306 Quotannis
1390 4223 1485 4298 enim
1501 4223 1595 4322 leges
1606 4233 1774 4324 rogantur

263 4347 307 4422 de
328 4345 539 4447 gravissimis
559 4346 708 4424 civitatis
730 4346 940 4436 commodis,
962 4371 1065 4446 saepe
1090 4346 1135 4421 de
1158 4365 1202 4450 qs
1221 4369 1242 4419 e
1264 4343 1394 4443 quibus
1410 4341 1531 4442 populi
1540 4343 1633 4419 salus
1646 4356 1774 4445 magna

263 4492 307 4542 ex
335 4472 431 4565 parte
466 4467 611 4568 pendet:
646 4467 739 4559 imo,-
772 4491 817 4543 ue
857 4465 1007 4542 hominis
1043 4451 1186 4564 quidem
1216 4473 1311 4541 aetas
1340 4461 1487 4538 sufficiet
1510 4461 1557 4537 ad
1582 4465 1775 4564 supplenda

263 4585 380 4662 omnia
407 4609 497 4685 quae
528 4587 583 4662 lex
616 4587 660 4663 de
693 4586 838 4688 imperio
862 4585 945 4664 anni
966 4603 1248 4662 omm'cocxnum
1271 4581 1475 4684 legislatoris
1494 4607 1597 4659 curae
1622 4583 1771 4684 reliquit.

263 4704 343 4782 Hae
364 4713 483 4782 autem
502 4705 596 4808 leges
621 4705 776 4807 aliaeque
798 4705 929 4782 multae
958 4729 1046 4806 quas
1069 4727 1246 4782 recensere
1266 4703 1338 4780 lere
1363 4699 1541 4779 inlinitum
1562 4711 1638 4794 est,
1668 4705 1773 4780 modo

265 4823 310 4900 ad
340 4848 381 4906 ca
406 4825 627 4906 attendamus
648 4849 737 4927 quac
760 4824 916 4927 quotidie
941 4823 1200 4918 desiderantum,
1233 4822 1374 4904 inutles
1398 4828 1547 5018 aunt2qt
1570 4822 1775 4924 plerumque
1806 4822 1810 4840 ¹
