4892 6184
856 710 1133 784 ORATIO.
1712 707 1756 780 dl

241 921 442 1018 studerent,
473 921 580 996 fidem
610 920 812 1017 praesertim
834 927 954 999 mantra
974 925 1194 1022 persuasione
1216 920 1309 995 cerni
1331 925 1527 994 statuerunt
1537 915 1598 1010 ⁷⁹).
1650 921 1759 997 Quod

239 1045 330 1119 valet
354 1050 433 1117 tum
456 1042 499 1116 de
525 1040 747 1129 Cannnurn,
768 1050 845 1116 tum
868 1043 911 1118 da
934 1045 1124 1131 Osranun,
1150 1041 1230 1116 licet
1250 1039 1393 1114 minime
1412 1038 1758 1139 praetermittendum
1792 1044 1794 1052 '

240 1164 305 1250 sit,
330 1164 425 1236 illum
448 1160 655 1236 contendere
678 1160 803 1250 etiam,
827 1162 890 1236 uhi
912 1188 990 1238 veru
1013 1165 1100 1236 fides
1123 1161 1234 1248 adsit,
1257 1158 1306 1232 ibi
1328 1183 1479 1234 amorem
1502 1183 1641 1258 quoque
1661 1158 1756 1234 inve·

239 1281 387 1372 niri⁸⁰),
423 1287 529 1379 atque
557 1282 644 1355 iano
666 1304 929 1381 nonnumquam
948 1282 998 1357 ita
1020 1282 1126 1356 fidem
1151 1277 1361 1369 describere,
1393 1286 1433 1354 ut
1455 1279 1597 1378 Pnunrs
1620 1286 1756 1354 senten·

239 1401 325 1476 tiam
356 1425 473 1502 presse
504 1407 680 1499 sequatur.
731 1402 887 1499 Uterque
921 1409 1039 1476 tamen
1067 1400 1150 1474 fidei
1185 1399 1361 1473 obiectum
1393 1399 1544 1474 hahebat
1565 1398 1757 1474 doctrinam

242 1521 495 1610 Christianam,
517 1545 599 1595 cum
615 1520 652 1594 in
662 1520 778 1594 Libris
788 1521 850 1595 SS.
868 1519 1095 1620 patefactam,
1120 1527 1197 1592 tum
1215 1517 1253 1590 in
1270 1518 1353 1591 fidei
1373 1519 1513 1617 regula,
1539 1519 1583 1592 ab
1604 1519 1757 1594 Ecclesia

222 1647 398 1738 'accepta,
433 1640 639 1737 expositam:
673 1647 709 1711 et
734 1662 804 1736 qno
826 1639 938 1736 magis
960 1640 1040 1738 quis
1061 1640 1099 1712 in
1122 1636 1357 1737 intelligendis
1377 1638 1651 1743 recipiendisque
1674 1639 1757 1712 fidei

210 1757 214 1764 ’
240 1759 374 1859 placitis
398 1755 617 1856 proficiebat,
649 1780 690 1830 eo
715 1756 829 1856 magis
852 1757 939 1831 fides
966 1758 1042 1832 eius
1067 1781 1217 1832 creseere
1244 1757 1406 1832 Ouranur
1431 1758 1614 1832 videbatur
1626 1760 1688 1851 81).
1707 1803 1759 1819 -

238 1879 384 1951 Illorum
409 1876 616 1956 sententiam
641 1877 753 1950 secuti
778 1882 861 1951 sunt
881 1877 1002 1953 Patres
1030 1878 1173 1966 Graeci,
1196 1877 1258 1976 qui
1279 1877 1404 1952 deinde
1424 1878 1624 1952 floruerunt.
1676 1879 1757 1956 Qua

238 1997 283 2070 de
319 2020 356 2069 re
387 2005 428 2070 ut
462 1999 617 2082 constet,
647 1995 774 2072 sufficit
805 2019 918 2072 unum
944 1996 1085 2072 lauda're
1119 1998 1292 2071 Iolnunn
1322 1999 1591 2086 Damascenorum,
1623 2004 1759 2095 patrem

243 2116 452 2214 Theologiae
472 2115 687 2214 dogmaticae
708 2118 943 2217 appellatum,
976 2118 1104 2217 quippe
1126 2118 1187 2215 qui
1209 2118 1246 2191 in
1267 2119 1493 2214 Eopoaitione
1512 2143 1575 2192 sua
1596 2125 1757 2191 nocareto

227 2237 320 2331 fidei
342 2236 622 2326 orthodoooeffl),
649 2260 731 2309 cum
754 2239 980 2312 Ganeonrun
999 2240 1275 2325 Naziunaeoum,
1299 2245 1375 2310 tum
1395 2236 1480 2311 alios
1499 2237 1673 2312 Ecclesiae
1692 2237 1757 2312 Pa·

198 2432 202 2440 ,
239 2364 326 2440 tres,
348 2355 384 2426 in
410 2354 465 2427 his
486 2354 672 2428 Bssmrun
697 2381 872 2456 mquam,
901 2353 1128 2432 Guneonrun
1153 2356 1363 2455 Λξιιιειιιιικ,
1390 2357 1638 2430 Αιιιιιιιιιιιιιιι
1661 2381 1756 2431 secu·

237 2480 296 2546 tus
324 2481 397 2561 est,
424 2473 463 2545 id
491 2472 558 2546 sibi
581 2497 796 2572 proponens,
830 2505 848 2543 r
861 2482 901 2548 ut
932 2499 996 2548 sna
1025 2498 1267 2571 nequaquam,
1297 2480 1359 2546 aut
1392 2497 1481 2546 nova
1502 2473 1663 2560 cuderet,
1697 2475 1757 2548 sed

243 2600 424 2666 aveternm
447 2592 563 2691 potius
583 2593 729 2690 placita,
751 2593 852 2668 variis
874 2592 911 2666 in
937 2591 1169 2666 voluminibus
1190 2616 1326 2691 sparsa,
1347 2591 1384 2665 in
1407 2617 1516 2666 unum
1534 2616 1623 2690 opus
1646 2593 1756 2668 Theo·
1817 2575 1819 2582 ⁵

242 2712 422 2810 ologioum
456 2719 656 2810 congereret
665 2713 753 2804 8⁸).”
804 2711 875 2787 Hic
902 2711 1011 2810 igitur
1044 2711 1127 2784 fidei
1158 2711 1335 2786 obiectum
1360 2711 1533 2786 Ecclesiae
1559 2697 1757 2788 Catholicae

240 2829 459 2905 traditionem
489 2831 593 2919 facit,
626 2838 737 2931 ¹atqua
763 2832 855 2907 inter
884 2832 992 2907 fidem
1021 2837 1057 2905 et
1082 2818 1174 2906 hona
1197 2854 1301 2928 opera
1325 2831 1376 2905 ita
1398 2830 1579 2919 discernit,
1611 2839 1652 2906 ut
1673 2831 1758 2908 haec

239 2950 291 3024 illi
319 2956 488 3050 apponat,
516 2959 553 3025 et
579 2959 757 3050 tamquam
782 2954 1075 3052 complementum
1094 2952 1170 3026 eius
1192 2951 1385 3026 consideret
1397 2952 1459 3044 84).
1511 2951 1632 3029 Quid?
1662 2953 1758 3050 quod

238 3071 351 3170 operis
383 3070 560 3169 inscriptio
596 3070 716 3159 docet,
749 3097 810 3173 per
845 3073 951 3148 fidem
984 3097 1064 3148 eum
1097 3072 1297 3172 praesertim
1320 3073 1413 3170 fidei
1440 3072 1626 3145 doctrinam
1648 3071 1757 3146 ‘intel-

240 3190 373 3265 lexisse.
424 3192 549 3289 Neque
576 3198 630 3266 est
653 3193 804 3290 quodid
825 3194 1013 3282 miremur,
1040 3217 1122 3268 nam
1144 3193 1228 3267 haec
1252 3191 1334 3266 fidei
1354 3190 1450 3265 notio
1471 3191 1626 3290 quotidie
1646 3191 1757 3290 magis

239 3309 432 3384 invaluerat
454 3310 495 3386 in
514 3311 678 3388 Ecclesia.
715 3314 821 3392 Quod
843 3314 975 3389 lactum
997 3319 1051 3386 est
1074 3321 1151 3388 tum
1174 3319 1255 3388 onte
1277 3313 1568 3388 Cousrsurruun
1588 3339 1756 3412 acapnum,

239 3431 330 3505 male
357 3429 622 3530 philosophandi
648 3433 692 3507 de
715 3433 912 3510 Christiana
930 3433 1096 3533 religione
1120 3433 1259 3520 studio,
1291 3440 1388 3520 tum,
1422 3441 1457 3506 et
1477 3432 1513 3505 in
1535 3433 1656 3531 primis
1679 3433 1755 3531 qui·

234 3549 344 3640 dem,
376 3551 421 3626 ab
455 3575 497 3624 eo
529 3550 612 3625 indo
644 3560 820 3654 tempore,
849 3579 941 3654 quo,
972 3558 1139 3653 regnante
1163 3553 1241 3640 illo,
1273 3551 1449 3626 victoriam
1472 3558 1686 3649 reportarent
1712 3551 1755 3624 de

241 3668 313 3741 suis
346 3669 495 3746 inimicis
533 3672 738 3762 Christiani,
778 3675 969 3772 multique,
1006 3674 1073 3746 etsi
1106 3696 1186 3746 vera
1218 3670 1289 3744 fide
1323 3670 1503 3760 destituti,
1533 3671 1756 3745 credentibus

241 3793 359 3859 tamen
385 3797 653 3865 accensarentur.
706 3793 893 3888 Symbolum
915 3792 1138 3888 Apostolioum
1164 3796 1199 3864 et
1220 3789 1408 3866 Nieoenum
1422 3794 1515 3889 fidei
1535 3791 1673 3866 nomine
1696 3816 1756 3889 ap·

241 3904 425 4003 pellarunt.
474 3907 598 3982 Iocuti
622 3915 706 3981 sunt
732 3908 776 3981 de
786 3909 865 4005 fide
887 3910 1064 3984 ootlolo'cu.
1114 3907 1351 3982 Decreverunt
1375 3907 1505 4005 Synodi
1529 3909 1652 3982 aman
1674 3910 1755 4006 bap·

242 4029 365 4099 tinctos
387 4026 517 4101 duone
542 4029 678 4115 debera
704 4051 768 4102 nec
788 4027 952 4126 cuiquam
970 4027 1070 4102 licere
1091 4029 1201 4102 olum
1209 4030 1324 4125 fidem
1347 4029 1493 4123 offerre,
1517 4029 1754 4116 colossitano,

242 4148 299 4220 oel
319 4171 516 4244 componere
529 4155 789 4245 praemonui,
815 4174 938 4248 puoeu
957 4129 1024 4222 EC
1041 4147 1230 4234 Patribus,
1248 4147 1402 4222 Manena
1426 4151 1652 4247 oonprepotis,
1675 4151 1755 4244 dryt-

242 4269 316 4339 oo'tn
347 4269 495 4359 acon).
544 4269 592 4342 Et
614 4268 651 4342 in
675 4269 853 4368 Symbolo,
884 4271 1100 4344 Annuussro
1121 4268 1273 4356 tributo,
1303 4267 1429 4342 diserte
1452 4266 1599 4341 dicitur:
1639 4267 1754 4344 rQni·

245 4409 410 4483 acunque
444 4387 518 4460 vult
551 4389 666 4464 salvus
690 4414 784 4478 esse,
816 4396 898 4464 ante
919 4389 1036 4463 omnia
1060 4414 1147 4489 opus
1173 4387 1297 4474 hebet,
1333 4395 1372 4460 ut
1397 4393 1511 4461 teneat
1538 4384 1752 4460 Catholioam

245 4502 400 4591 ofidem,
443 4527 549 4602 quam
585 4506 652 4581 nisi
690 4507 839 4606 quisque
873 4509 1044 4607 integram
1075 4507 1344 4604 inviolatamque
1381 4504 1584 4597 servaverit,
1619 4505 1751 4603 absque
1820 4517 1823 4522 ’

245 4620 380 4696 adubio
406 4623 442 4697 in
466 4633 646 4701 aeternum
671 4627 843 4726 peribit,”
866 4673 915 4688 --
940 4628 1031 4727 aqui
1054 4628 1128 4702 vult
1149 4650 1233 4727 ergo
1250 4626 1363 4700 salvus
1387 4648 1482 4714 asse,
1505 4625 1554 4699 itu
1579 4625 1622 4698 de
1644 4624 1755 4699 Trini-

244 4747 343 4816 rlate
373 4743 543 4835 sentiat,''
566 4790 617 4804 -
643 4747 754 4822 rrhaeo
786 4756 838 4822 est
870 4749 958 4823 fides
984 4748 1180 4835 Catholioe,
1208 4771 1316 4845 quam
1349 4746 1417 4820 nisi
1442 4745 1589 4845 quisque
1610 4745 1758 4820 fideliter

245 4860 486 4962 afirmiterque
510 4867 713 4959 crediderit,
737 4869 852 4945 ιιιΙιιιι
865 4893 940 4943 esse
967 4892 1036 4943 non
1060 4867 1187 4967 poterit
1195 4867 1284 4959 86).”
1325 4866 1448 4946 Quid?
1473 4866 1658 4968 quodiam
1681 4866 1754 4942 Sao.
