4892 6184
696 603 741 670 40
1234 603 1687 673 F.G.KR1EGER

696 811 824 901 tcmia,
850 836 957 912 quum
981 811 1115 912 primus
1136 810 1189 886 vir
1213 811 1435 888 doctissimus
1454 813 1594 888 Murra
1617 809 1810 910 Herbopoli
1829 810 1867 886 in
1884 816 1994 886 urtem
2013 810 2219 895 introduxit.

695 933 834 1008 Novam
859 959 881 1008 a
911 934 1155 1008 Sruorrurrrac
1182 932 1415 1032 excogitatam
1448 932 1618 1009 rationem
1647 936 1848 1008 curvaturas
1875 931 2135 1008 extremitatum
2156 959 2219 1009 cu·

695 1053 798 1126 randi
820 1052 972 1128 marimo
995 1051 1062 1126 urti
1084 1050 1299 1152 chirurgicae
1321 1053 1430 1129 fuisse
1450 1053 1684 1128 emolumento
1705 1076 1746 1126 ac
1767 1050 1935 1154 plurimos
1954 1051 2218 1151 pulcherrimos·

696 1195 767 1272 que
789 1173 872 1246 inde
897 1177 1078 1272 perceptos
1103 1196 1179 1247 esse
1201 1171 1336 1248 fructus
1360 1197 1465 1273 supra
1485 1171 1812 1248 demonstravimus.
1864 1172 1913 1246 At
1936 1172 2015 1248 licet
2033 1173 2218 1249 lumm-

695 1317 773 1382 uu,
802 1292 1086 1368 Lunumaacxrr
1104 1291 1191 1367 rutio
1215 1291 1366 1368 curvatis
1392 1292 1539 1368 artubus
1559 1292 1706 1368 formum
1735 1315 1836 1367 uuam
1865 1291 2070 1366 restituendi
2096 1292 2218 1366 multis

694 1413 766 1488 ium
786 1411 925 1488 casibus
946 1435 1086 1512 operum
1107 1410 1246 1487 tulisset
1267 1411 1549 1503 saluberrimam,
1576 1417 1779 1513 supererunt
1797 1411 2000 1488 huiusmodi
2019 1411 2119 1502 vitiu,
2140 1413 2216 1511 qui·

695 1532 766 1606 bus
788 1532 1000 1632 corrigendis
1027 1531 1203 1608 incassum
1229 1531 1460 1632 peritissimus
1479 1538 1516 1607 et
1537 1532 1769 1634 gravissimus
1797 1531 1945 1631 quisque
1967 1555 2106 1607 omnem
2131 1531 2216 1632 lupi·

697 1652 779 1728 dem
811 1659 1000 1728 moverunt.
1050 1651 1126 1726 Nec
1154 1649 1296 1752 opinuto
1323 1653 1528 1728 osteotomia
1557 1652 1595 1728 iu
1616 1660 1728 1728 artem
1749 1651 1980 1751 chirurgicum
2001 1650 2216 1739 introductu,

697 1771 743 1848 ab
763 1772 829 1848 huc
848 1796 988 1872 quoque
1007 1777 1104 1870 parte
1124 1765 1246 1847 laetior
1264 1772 1327 1848 lux
1344 1773 1510 1872 affulgere
1528 1781 1633 1872 atque
1653 1771 1709 1846 via
1724 1771 1862 1847 videtur
1881 1795 1956 1846 esse
1973 1779 2127 1871 reperta,
2145 1795 2217 1870 qua

697 1893 743 1968 ad
770 1893 918 1969 salutem
951 1917 1093 1993 pergere
1115 1893 1227 1968 liceat.
1276 1892 1378 1969 Nora
1403 1893 1546 1968 omuino
1566 1899 1621 1967 est
1642 1917 1717 1981 urs,
1743 1891 1902 1966 sedtum
1930 1889 2074 1965 feliciter
2098 1915 2217 1968 recens

696 2019 779 2089 nutu
803 2011 941 2088 ccsihuu
966 2012 1099 2113 aliquot
1124 2021 1178 2088 est
1200 2013 1376 2102 adhibita,
1399 2021 1441 2088 ut
1461 2013 1603 2089 omnino
1628 2012 1736 2112 digna
1760 2011 1824 2101 sit,
1845 2011 1883 2086 iu
1904 2035 2010 2110 quum
2024 2012 2216 2087 accuratius

696 2131 901 2230 inquiretur.
947 2132 1101 2208 Ulterius
1126 2133 1220 2206 enim
1248 2157 1338 2208 nova
1364 2131 1419 2229 via
1446 2157 1649 2232 progressus
1672 2138 1726 2206 est
1755 2131 2021 2207 Lurvuauarcrr:
2061 2132 2215 2206 Murum

695 2251 824 2326 scilicet
857 2250 1002 2350 vestigiu
1038 2255 1179 2326 secutus
1211 2248 1462 2325 subcutaneum
1495 2249 1649 2326 instituit
1680 2249 1921 2325 ostentomiam
1954 2257 1990 2324 et
2028 2274 2118 2325 novu
2151 2250 2214 2326 hac

693 2370 825 2446 rutione
856 2369 1065 2469 compluries
1098 2393 1180 2444 suuc
1214 2393 1280 2443 nec
1311 2369 1440 2444 frustra
1467 2377 1521 2445 est
1543 2395 1649 2458 usus,
1679 2367 1718 2442 id
1744 2368 1881 2468 quode
1907 2392 2053 2444 casuum
2074 2368 2215 2444 historin

693 2496 838 2590 apparet
856 2489 1055 2589 nuperrime
1073 2488 1205 2588 publici
1222 2487 1309 2562 iuris
1322 2488 1423 2564 fucta.
1455 2488 1563 2564 Iacto
1581 2488 1734 2588 profecto
1755 2495 1791 2562 et
1807 2487 1994 2565 honorifico
2007 2489 2215 2565 documento

695 2618 779 2686 sunt
812 2609 981 2710 palmaria
1012 2609 1136 2684 haecce
1168 2609 1413 2709 celerrimeque
1438 2633 1548 2683 unum
1573 2609 1722 2684 alterum
1745 2608 1902 2684 insecuta
1931 2633 2021 2684 nova
2052 2609 2212 2700 inventa,

694 2729 908 2830 chirurgiam
930 2736 1068 2805 nostroe
1091 2729 1215 2805 aetutis
1242 2735 1422 2828 tamquam
1445 2728 1589 2829 elougo
1614 2733 1752 2803 veterno
1762 2727 2056 2833 expergefactam,
2079 2729 2213 2804 viribus

694 2849 851 2939 refectis,
883 2849 922 2923 id
952 2873 1064 2924 unum
1098 2873 1237 2924 summu
1272 2849 1492 2924 contentione
1527 2855 1681 2948 spectare
1711 2853 1748 2924 et
1778 2855 1961 2946 appetere,
1996 2856 2038 2924 ut
2073 2848 2213 2937 melior,

693 2971 846 3072 plenior,
870 2969 915 3045 ab
941 2969 1036 3045 omni
1060 2975 1157 3068 parte
1179 2968 1364 3046 emendata
1384 2977 1420 3043 et
1437 2975 1608 3060 correcta,
1635 2966 1761 3057 verbo,
1787 2973 1829 3041 ut
1841 2990 1982 3067 prorsus
1996 2967 2112 3043 aliuet
2125 2989 2213 3041 novo

694 3090 828 3166 evadat.

745 3211 816 3286 Sed
839 3233 1059 3310 progressus,
1082 3233 1171 3309 quos
1193 3209 1418 3310 orthopaedia
1441 3207 1540 3300 fecit,
1562 3232 1633 3284 non
1659 3233 1701 3284 eo
1721 3213 1860 3284 tuntum
1876 3207 2213 3284 suntroscrendinec

692 3330 775 3407 inde
797 3330 910 3407 solum
932 3329 1132 3420 derivandi,
1165 3330 1262 3430 quod
1286 3330 1467 3406 arctiorem
1486 3354 1568 3405 cum
1589 3327 1742 3428 uciurgia
1763 3328 1961 3405 societatem
1985 3327 2143 3416 iniverit;
2168 3327 2213 3402 ub

691 3447 789 3526 omui
823 3457 922 3550 parte
953 3448 991 3524 in
1024 3475 1066 3524 eu
1098 3449 1301 3550 corrigenda
1328 3455 1383 3524 est
1414 3449 1650 3538 eluborutum,
1684 3446 1779 3545 quod
1801 3470 1976 3546 nusquam
2002 3445 2212 3525 luculentius

693 3579 835 3671 appuret
868 3594 976 3669 quum
1003 3568 1042 3643 in
1073 3569 1258 3646 emendata
1288 3575 1549 3645 curvaturarum
1578 3566 1762 3666 spinalium
1794 3565 1961 3667 therapiu.
2010 3566 2118 3640 Nulla
2140 3565 2213 3640 chi·

692 3690 831 3788 rurgiue
848 3713 928 3787 purs
946 3696 1020 3762 tum
1040 3688 1103 3762 diu
1123 3697 1159 3762 et
1176 3697 1249 3767 tum
1270 3689 1369 3765 foede
1388 3690 1541 3766 iacuerat
1557 3687 1736 3788 neglectu,
1761 3687 1799 3762 in
1820 3688 1917 3762 nullo
1938 3686 2092 3762 curuudu
2115 3691 2213 3761 tantu

692 3809 806 3883 fuerat
835 3806 1075 3905 chirmgorum
1104 3806 1229 3881 inertia
1251 3815 1287 3882 et
1309 3809 1538 3885 conniventia.
1588 3809 1633 3882 In
1662 3805 1768 3882 huius
1793 3807 1930 3908 generis
1951 3815 2212 3883 curvaturarum

694 3925 941 4028 puthcgenium
966 3932 1028 4000 eut
1051 3925 1192 4001 omniuo
1214 3950 1285 4001 non
1306 3935 1380 4003 erat
1401 3928 1625 4028 inquisitum,
1645 3933 1709 4001 aut
1731 3927 1769 4001 in
1789 3926 1974 4018 obsoletis,
2002 3926 2137 4003 mancis
2157 3924 2213 3999 vel

694 4047 790 4123 falsis
814 4045 958 4121 omnino
980 4044 1299 4122 ratiocinationibus
1322 4055 1358 4123 et
1378 4047 1519 4123 theoriis
1542 4046 1833 4146 acquiescebutur.

647 4220 671 4258 s
741 4169 819 4243 lum
841 4166 968 4267 igitur,
991 4179 1101 4264 quum
1122 4191 1178 4241 urs
1201 4167 1395 4269 chirurgica
1417 4168 1482 4243 hac
1505 4175 1602 4269 parte
1615 4168 1671 4242 vix
1683 4167 1864 4267 praeberet
1877 4167 1973 4267 quod
1981 4189 2102 4266 operae
2115 4172 2210 4238 esset

691 4287 863 4388 pretium,
907 4309 1088 4384 quumque
1127 4311 1215 4363 vuuu
1255 4289 1443 4364 maximum
1476 4296 1608 4388 purtem
1639 4286 1824 4385 inaniaque
1861 4294 1977 4362 essent
2011 4284 2079 4360 illis
2116 4283 2232 4368 vitiis,¹

693 4406 855 4484 medendi
880 4412 1041 4505 susceptu
1067 4406 1268 4496 conamina,
1303 4408 1390 4507 quid
1416 4409 1545 4485 mirum
1567 4409 1663 4509 quod
1688 4407 1844 4509 plerique
1865 4405 2019 4507 chirurgi
2042 4403 2144 4478 inviti
2170 4426 2207 4476 se

693 4526 915 4614 accinxerunt
937 4523 982 4598 ud
1007 4525 1121 4600 morbi
1144 4527 1343 4603 adeundum
1361 4529 1593 4617 curationem,
1626 4528 1726 4618 cuius
1744 4535 1906 4605 naturam
1927 4551 1997 4602 non
2025 4547 2208 4626 perspexee

691 4651 771 4719 runt
805 4651 839 4717 et
880 4641 923 4716 de
957 4666 1027 4740 quc
1061 4644 1213 4721 suuendo
1254 4645 1435 4746 desperare
1470 4652 1727 4723 consueverant.
1787 4647 1913 4747 Itaque
1945 4653 2208 4722 curvaturarum

691 4763 876 4865 spinolium
916 4761 1071 4862 therapiu
1101 4789 1347 4864 saepenumero
1375 4767 1688 4844 'instrumentorum
1708 4766 1980 4867 chirurgicorum
2000 4765 2207 4866 ligamento.
