4892 6184
855 698 1135 770 enarro.
1675 679 1753 770 ‘ac

236 905 460 1007 omhopaedia
491 905 667 1008 operativa
705 905 751 983 ad
788 907 877 985 hanc
910 931 1050 1010 quoqne
1085 911 1221 1008 partem
1253 905 1430 997 adhibita,
1466 905 1560 984 felici
1595 930 1757 984 sucoeaau

234 1027 385 1104 musculi
418 1027 513 1104 illius
546 1026 715 1115 sectione,
750 1027 970 1106 strabonibus
1002 1053 1105 1130 opem
1138 1027 1275 1118 tulerit;
1313 1035 1432 1104 tamen
1464 1027 1586 1128 negari
1612 1026 1755 1126 nequit,

234 1147 402 1248 iniundl
417 1147 517 1246 quasi
539 1147 713 1248 pruritum
736 1156 772 1223 et
793 1147 850 1226 hic
870 1150 1026 1226 maximo
1046 1149 1154 1224 luisse
1172 1147 1401 1238 detrimento,
1426 1156 1532 1248 atque
1547 1145 1755 1236 inventioni,

233 1291 323 1367 quae
348 1268 519 1347 illustrem
556 1269 593 1344 in
621 1268 796 1369 chirurgia
828 1271 1002 1370 operativa
1028 1277 1196 1372 perpetuo
1220 1267 1404 1346 obtinebit·
1419 1268 1554 1360 locum
1584 1267 1755 1344 obtrecta-
1904 1355 1909 1362 ¹

233 1396 325 1465 tores
349 1397 386 1465 et
408 1390 619 1466 adversarios
643 1390 786 1466 minime
811 1392 955 1468 meritae
979 1391 1157 1466 excitasse.

281 1509 428 1584 Utinam
454 1534 534 1584 vero
566 1509 631 1584 hac
662 1533 732 1584 vana
758 1518 897 1587 tantum
921 1510 1049 1586 chorda
1071 1517 1163 1584 esset
1183 1505 1404 1582 aberratum!
1455 1505 1527 1581 Sed
1547 1528 1618 1581 non
1641 1505 1755 1582 solum

232 1627 337 1703 nimis
368 1628 489 1704 sedula
520 1626 760 1716 festinatione,
792 1651 863 1704 non
892 1629 1006 1714 solnm
1028 1652 1066 1702 re
1090 1626 1223 1726 optima
1251 1625 1338 1700 falae
1364 1624 1516 1715 utenda,
1550 1651 1592 1702 eo
1615 1649 1754 1726 quoque

231 1747 382 1847 graviter
408 1752 461 1820 est
480 1752 682 1845 peccatum,
711 1748 808 1845 quod
829 1755 946 1838 erant,
973 1747 1035 1846 qui
1055 1747 1188 1846 aliquot
1216 1744 1386 1820 difformis
1410 1745 1561 1846 corporis
1588 1745 1755 1822 musculis

230 1866 370 1942 inseetis
403 1865 487 1940 satis
519 1863 610 1939 bene
646 1888 791 1942 munere
811 1890 875 1942 suc
899 1867 967 1942 sibi
989 1866 1188 1942 viderentur
1209 1888 1286 1973 esse
1308 1863 1440 1954 functi,
1472 1888 1537 1940 nec
1558 1887 1753 1962 concoque-

230 1993 308 2062 rent
330 1985 503 2062 rarissime
528 1985 583 2061 vel
601 1984 717 2086 potius
740 2009 935 2084 numquam
960 2009 1032 2060 uns
1054 1983 1252 2083 operatione
1272 2005 1347 2057 rem
1368 1981 1578 2071 conlectam,
1604 1982 1667 2056 sed
1683 1982 1754 2056 fere

231 2129 366 2206 semper
395 2106 487 2182 viam
512 2113 651 2181 tantum
678 2105 853 2181 munitam
873 2130 965 2194 esse,
998 2129 1068 2203 qua
1090 2103 1138 2179 ad
1157 2103 1285 2192 finevm
1317 2101 1444 2180 idonea
1468 2125 1533 2178 nec
1557 2100 1756 2178 intermissa

232 2226 430 2315 curatione,
454 2225 598 2301 tandem
623 2225 809 2324 aliquando
833 2224 933 2324 pergi
956 2223 1077 2322 possit.

279 2340 501 2420 Enumerabo
528 2365 617 2440 quae
647 2341 829 2440 chinngc,
853 2349 933 2440 post
952 2339 1096 2416 feliciter
1112 2337 1300 2438 perlectam
1317 2339 1573 2438 operationem,
1596 2339 1756 2415 facienda

230 2468 379 2550 restent,
403 2468 444 2536 ut
463 2460 569 2536 simul
586 2461 818 2561 intelligatur,
844 2484 934 2558 qnae
955 2458 1203 2558 ‚operationum
1227 2458 1549 2557 orthopaedicarum
1571 2457 1755 2557 peculiaris

232 2579 277 2654 sit
305 2603 361 2654 ars
382 2586 418 2654 ct
442 2580 537 2654 laus:
572 2577 772 2652 adhibenda
796 2584 879 2653 srmt
903 2578 1154 2665 instrumenta,
1190 2576 1322 2675 quibus
1351 2578 1553 2667 emendata,
1586 2578 1754 2654 musculis

230 2698 285 2773 vel
304 2697 507 2773 tendinibua
529 2697 716 2795 peracutis,
740 2705 881 2774 artuum
904 2697 1047 2773 directio
1070 2703 1293 2772 conservetur
1316 2703 1354 2770 et
1381 2696 1580 2786 adiuratum
1611 2721 1753 2772 cernen-

230 2816 318 2892 dum
346 2824 400 2892 ast
426 2821 558 2915 quanta
590 2839 679 2915 opus
709 2816 755 2892 ait
775 2817 951 2918 pressione
978 2825 1013 2892 ct
1034 2839 1104 2915 quc
1127 2815 1202 2890 loco
1225 2841 1268 2892 ea
1292 2816 1343 2892 its
1365 2816 1475 2916 possit
1498 2816 1676 2908 adhiberi,
1711 2827 1755 2894 nt

230 2938 423 3036 aegrotanti
445 2960 552 3037 quam
575 2936 719 3012 minime
738 2937 784 3012 sit
803 2939 969 3028 molesta;
996 2935 1208 3012 stimulanda
1231 2937 1499 3038 smcitandaque
1521 2945 1575 3014 eet
1593 2963 1755 3016 vasorum

229 3079 482 3156 nervorumque
506 3055 559 3132 vis
582 3057 744 3134 remediis
770 3056 965 3157 dynamicis
985 3064 1021 3132 et
1044 3062 1145 3132 motu
1169 3063 1244 3133 tam
1267 3057 1379 3134 activo
1403 3083 1510 3158 quam
1534 3058 1682 3159 passivo.

279 3177 372 3253 Scite
394 3178 503 3278 igitur
520 3185 556 3252 et
577 3178 824 3279 circumspecte
849 3177 1021 3254 moderari
1040 3184 1176 3278 oportet
1199 3185 1362 3254 naturam
1378 3187 1414 3254 et
1425 3179 1526 3277 quasi
1545 3187 1754 3280 temperare,

231 3297 293 3396 qui
320 3297 580 3399 orthopeedinm
601 3300 812 3400 operativum
832 3299 977 3376 feliciter
1005 3305 1041 3374 et
1062 3298 1112 3374 ita
1133 3298 1217 3374 velit
1244 3323 1421 3389 exercere,
1443 3307 1484 3375 nt
1507 3298 1575 3375 sibi
1599 3300 1675 3400 ipsa
1699 3325 1752 3376 aa·

229 3415 388 3496 tisianat.
438 3419 513 3498 Qui
543 3445 623 3494 vero
653 3421 818 3497 omnibus
850 3420 1062 3509 destitutus,
1098 3443 1187 3519 quae
1212 3418 1351 3518 singula
1376 3418 1422 3496 ad
1441 3405 1611 3496 'vinorum
1635 3420 1752 3497 ortho-

228 3539 451 3638 paedicorum
481 3540 695 3617 curationem
719 3541 929 3640 operativum
954 3539 1146 3616 necessario
1171 3539 1412 3637 requiruntur,
1444 3545 1575 3614 temere
1602 3540 1753 3616 secando

230 3657 306 3732 eius
333 3659 469 3758 generis
502 3659 632 3735 morbis
662 3660 729 3736 eibi
761 3659 899 3735 videtur
930 3682 1031 3758 posse
1064 3656 1215 3744 mederi,
1251 3679 1335 3742 eum
1362 3679 1452 3731 novo
1478 3680 1618 3757 quoque
1646 3681 1752 3748 casn,

231 3777 441 3876 experientia
465 3800 554 3854 novo
574 3778 713 3854 docebit
735 3777 914 3874 exemplo,
940 3799 1028 3852 vana
1050 3773 1158 3850 fuisse
1187 3780 1294 3872 atque
1314 3773 1414 3851 irrita
1435 3777 1628 3853 conamina.
1681 3777 1753 3852 Sed

231 3895 286 3969 vel
310 3895 360 3971 sic
391 3903 508 3971 tamen
532 3897 650 3971 minua
682 3895 774 3971 felici
793 3896 940 3971 istorum
967 3895 1055 3972 nihil
1081 3887 1150 3970 non
1179 3892 1387 3971 audentium
1421 3896 1459 3970 in
1490 3895 1664 3996 plerisque
1695 3922 1752 3976 os·

232 4013 330 4090 sibus
354 4038 517 4091 successu
543 4014 584 4090 id
605 4015 728 4090 saltam
749 4015 872 4091 lucrati
896 4037 1039 4105 sumna,
1071 4021 1113 4090 nt
1136 4013 1331 4114 lapidibus,
1362 4015 1511 4116 cognitis
1535 4017 1666 4117 quibus
1683 4018 1750 4094 im·

230 4133 330 4234 pingi
362 4135 512 4224 soleant,
545 4135 754 4237 prudentius
770 4135 841 4212 iam
862 4143 968 4235 atque
985 4134 1122 4212 cautius
1142 4134 1290 4235 singulis
1307 4136 1437 4212 morbis
1458 4160 1584 4214 novam
1604 4138 1750 4214 meandi

231 4253 436 4330 methodum
459 4255 683 4356 adaptemus,
718 4281 826 4356 quam
848 4256 913 4330 viri
935 4254 1149 4357 sagacissimi
1167 4255 1296 4331 sollerti
1316 4280 1400 4332 cura
1418 4256 1604 4357 faustoque
1622 4262 1750 4333 eventu
1806 4337 1808 4341 ,

231 4373 456 4449 excoluerunt
479 4381 516 4450 at
536 4375 785 4454 stabiliverunt.
834 4377 998 4454 Virorum
1030 4375 1296 4454 clarissimorum
1317 4376 1560 4466 Snaonrna,
1584 4379 1749 4466 Gntanv,

231 4491 516 4584 mereamor,
539 4495 697 4587 hnnnn,
721 4497 912 4590 Bonvmn,
934 4499 1074 4574 Dnvan
1094 4496 1268 4572 indefessa
1285 4494 1458 4571 industria
1479 4495 1566 4595 quid
1584 4495 1622 4572 in
1640 4497 1748 4572 Fran

234 4612 307 4702 cia,
334 4615 541 4705 Germania,
562 4617 712 4718 Anglis,
735 4641 800 4694 nec
823 4643 894 4696 non
919 4618 1015 4720 apud
1036 4625 1205 4694 nostrates
1227 4639 1347 4704 eorum
1366 4615 1511 4718 vestigia
1527 4623 1682 4707 secum,
1706 4615 1752 4692 ait

231 4733 439 4833 praestitum
460 4735 497 4811 in
518 4737 643 4838 vulgus
666 4746 788 4814 netum
809 4749 882 4831 est,
916 4763 1030 4841 neque
1053 4737 1234 4839 ignoratur
1254 4737 1514 4839 orthepaediam
1536 4739 1748 4839 operativum

232 4853 269 4928 in
291 4854 366 4931 dies
388 4856 486 4934 novis
507 4855 610 4935 ditari
631 4858 902 4937 accessionibus:
938 4860 1039 4937 cuius
1056 4859 1108 4936 rei
1134 4858 1272 4958 insigne
1292 4858 1540 4937 documentum
1560 4866 1615 4935 est
1635 4866 1748 4964 oeteo·
