4892 6184
858 709 1137 778 onusto.
1693 709 1756 778 103

242 941 314 992 uuo
343 917 444 992 dico?
493 917 625 992 Omnes
652 917 868 1015 gaudemus,
899 919 973 994 imo
1001 926 1074 994 tota
1102 916 1222 993 civitas
1244 914 1375 1015 gaudet
1398 915 1442 990 de
1467 921 1666 992 conservata
1688 916 1759 991 vita

242 1047 305 1114 tua
322 1037 518 1126 carissima,
542 1035 739 1136 gratiamne
759 1046 876 1115 tecum
894 1040 1050 1140 agimus,
1075 1062 1163 1138 quus
1180 1060 1385 1135 possumus,
1410 1035 1577 1112 maximas
1597 1059 1759 1134 supremo

235 1157 393 1259 primum
426 1156 593 1245 Numini,
627 1157 702 1233 sine
733 1183 805 1257 quo
834 1159 923 1235 nihil
952 1159 1108 1259 proficiat
1136 1158 1292 1232 humana
1322 1154 1509 1254 sapientia,
1542 1155 1668 1230 deinde
1692 1153 1759 1230 tibi
1788 1247 1791 1255 Δ

239 1275 364 1364 etiam,
396 1276 438 1352 cl.
462 1276 707 1352 Suanuanunl
741 1302 804 1377 pru
826 1278 1012 1378 singulari,
1049 1301 1119 1377 qua
1143 1275 1305 1374 Collegae
1330 1273 1602 1351 coniunctissimi
1627 1273 1757 1350 valetu-

241 1395 335 1485 dini,
360 1421 531 1472 unacum
555 1396 631 1473 eius
653 1396 810 1485 Medico,
834 1397 1059 1487 consuluisti,
1083 1421 1167 1472 cura
1190 1403 1227 1468 et
1251 1394 1441 1493 diligentia.

291 1516 372 1591 nAd
396 1541 540 1593 vacuam
564 1516 719 1592 defuncti
740 1518 858 1592 sedem
879 1517 1115 1616 occupandam
1138 1515 1276 1589 decreto
1300 1513 1413 1612 Regio
1431 1515 1571 1588 vocatus
1590 1521 1643 1589 est
1661 1512 1757 1586 Bnn·

153 1621 156 1625 ’
244 1659 412 1712 tensanus
433 1661 505 1712 raa
525 1636 660 1724 Hsaa,
694 1661 800 1735 quern
828 1639 978 1712 deinum
1011 1636 1078 1710 sibi
1101 1633 1313 1738 provinciam
1340 1631 1530 1730 suscepisse
1557 1631 1757 1706 laetamur’l

240 1755 385 1831 Haec''
362 1780 422 1842 ns,
455 1779 546 1854 quae
568 1755 613 1828 de
633 1755 876 1830 Rormansro
904 1762 1021 1830 nostro
1043 1777 1121 1828 vere
1140 1750 1413 1852 praedicaverat,
1443 1751 1579 1827 addidit
1603 1751 1760 1825 decessor

240 1899 340 1949 meus
362 1875 441 1966 ¹⁸⁸)
490 1873 640 1948 Addidit
658 1881 862 1949 autemnon
884 1899 903 1949 e
923 1900 987 1951 sua
1004 1881 1160 1961 tantum,
1186 1872 1248 1948 sed
1267 1896 1308 1946 ex
1325 1896 1403 1946 meo
1420 1895 1559 1970 quoque
1578 1872 1758 1948 sententia.

238 1994 331 2068 Novi
351 1992 445 2068 euim
462 1999 596 2094 patrem
616 1991 736 2082 tuum,
761 1995 903 2096 Collega
921 1992 1227 2072 aestumatissime!
1254 1991 1387 2079 virum,
1412 1991 1448 2065 in
1470 2015 1541 2091 quo
1561 1998 1634 2066 erat
1654 1991 1758 2064 corni·

238 2121 311 2188 tate
342 2112 481 2189 condita
504 2112 676 2213 gravitas,
707 2113 878 2214 cuiusque
906 2116 1095 2214 imaginem
1128 2112 1427 2190 honoratissimam
1454 2120 1490 2188 et
1517 2110 1759 2188 suaussimam

240 2233 433 2308 etiamnum
453 2258 597 2332 possim
622 2233 836 2333 cogitatione
859 2235 1065 2335 depingere,
1096 2242 1201 2333 teque
1224 2233 1320 2307 haud
1348 2258 1419 2308 uno
1442 2233 1582 2310 nomine
1611 2233 1759 2310 similem

238 2351 271 2427 ei
290 2377 366 2427 essa
386 2377 596 2451 acceperam.
645 2353 827 2429 Praeterea
848 2362 995 2452 uterque
1018 2360 1198 2441 nostrum,
1228 2351 1370 2427 iuvenili
1397 2360 1528 2441 aetate,
1558 2352 1679 2430 ecdem
1705 2352 1761 2426 usi

241 2497 363 2548 sumus
393 2472 586 2572 Magistro,
621 2472 660 2547 in
690 2471 796 2548 rebus
827 2473 873 2549 ad
904 2473 1106 2574 religionem
1142 2472 1400 2572 spectantibus,
1434 2472 1608 2550 carissimo
1642 2480 1760 2548 nostro

242 2591 562 2679 Woaraaaururro,
596 2591 654 2665 cui
682 2591 872 2689 plurimum
908 2616 971 2667 nos
1006 2593 1131 2668 debere
1164 2599 1264 2691 grute
1295 2592 1411 2666 animo
1444 2593 1558 2690 palam
1580 2598 1759 2672 testamur.

239 2711 365 2808 Neque
393 2735 436 2785 ex
464 2732 543 2785 mea
564 2717 723 2798 tantum,
756 2735 876 2786 verum
905 2712 1010 2786 etiam
1036 2737 1079 2786 ex
1102 2712 1145 2786 cl.
1174 2712 1398 2798 Burrenum,
1434 2711 1595 2810 Collegae
1618 2713 1760 2786 coniun-

239 2828 405 2916 ctissimi,
439 2853 545 2928 quem
573 2829 723 2928 graviter
745 2836 940 2928 aegrotare,
974 2839 1079 2930 atque
1100 2831 1189 2906 hauc
1213 2828 1258 2904 ob
1279 2854 1418 2906 ramam
1439 2829 1560 2905 abesse
1582 2829 1760 2919 dolemus,

240 2947 411 3024 sententia
431 2949 569 3024 locutus
592 2957 646 3025 est
667 2951 903 3048 praecedentis
923 2950 1006 3026 anni
1030 2953 1168 3027 Rector.
1205 2951 1423 3027 Noveramus
1445 2950 1538 3026 enim
1560 2975 1630 3026 non
1650 2951 1761 3048 pulcri

239 3070 362 3158 modo,
386 3068 449 3144 sed
468 3078 506 3144 et
526 3069 597 3145 veri
619 3069 791 3169 bonique,
818 3096 888 3170 quo
909 3071 1068 3148 imbutus
1091 3097 1148 3161 es,
1172 3095 1324 3148 sensum.
1361 3073 1577 3148 Noveramus
1602 3071 1761 3148 humani·

239 3193 348 3264 tatem
368 3195 485 3279 tuam,
509 3189 737 3279 modestiam,
761 3191 870 3266 animi
885 3193 1089 3282 candorem,
1107 3191 1395 3281 moderationem,
1415 3191 1590 3268 doetrinae
1611 3189 1761 3290 denique

240 3310 394 3410 copiam,
426 3310 543 3398 libris,
577 3336 667 3410 quos
687 3311 939 3411 conscripsisti,
971 3313 1121 3412 egregiis
1148 3313 1289 3387 abunde
1320 3312 1512 3410 probatam.
1561 3312 1638 3386 Nec
1662 3335 1760 3410 spes,

106 3484 112 3492 a
241 3455 346 3529 quarn
375 3430 420 3505 de
442 3438 479 3506 te
499 3431 739 3529 concepimus,
771 3456 836 3506 nos
867 3431 997 3506 fefellit
1046 3433 1140 3506 Nam
1161 3431 1314 3506 oratione
1339 3440 1399 3506 tua
1423 3429 1637 3530 inaugurali,
1671 3454 1760 3528 quae
1903 3501 1908 3510 ,

240 3558 317 3624 turn
342 3551 540 3649 argumenti
561 3551 713 3649 pondere
732 3559 768 3626 at
788 3551 974 3651 gravitate,
1000 3558 1076 3625 tum
1097 3551 1278 3624 verborum
1300 3551 1471 3649 elegantia
1493 3573 1700 3648 magnopere
1723 3573 1760 3626 se

239 3670 515 3759 commendavit,
547 3672 775 3770 omniumque
804 3671 975 3770 applausu
1002 3676 1142 3768 accepta
1171 3678 1245 3758 est,
1276 3655 1447 3745 continuo⁴
1465 3692 1628 3768 magnam
1655 3667 1698 3742 de
1726 3677 1761 3743 te

241 3789 513 3886 exceptationem
542 3790 689 3880 dedisti,
723 3801 853 3888 tuaque
880 3789 1095 3864 consuetudo
1127 3813 1167 3863 ac
1195 3788 1410 3864 familiaritas
1442 3815 1505 3864 nos
1528 3789 1598 3864 iam
1623 3787 1760 3876 docvdt,

242 3907 287 3981 dc
309 3907 436 3982 studiis
458 3908 530 3982 tuis
554 3909 779 4008 moribusque
800 3933 876 3984 vere
896 3908 1091 4007 praedicata
1111 3933 1203 3999 esse,
1229 3933 1318 4006 quae
1343 3909 1389 3984 ad
1407 3919 1541 3984 nostras
1563 3933 1663 3985 aures
1683 3933 1758 4008 per·

243 4034 416 4103 venerant.
467 4027 692 4102 Gratulamur
714 4027 824 4126 igitur
847 4026 913 4102 tibi
938 4051 980 4101 er
1002 4026 1118 4102 auimo
1141 4027 1185 4100 de
1209 4011 1338 4102 honore
1363 4027 1402 4104 in
1422 4037 1456 4103 te
1478 4028 1620 4115 collato,
1646 4029 1760 4126 deque

242 4170 386 4221 munere
407 4172 430 4221 a
451 4154 488 4220 to
508 4153 678 4246 suscepto.
727 4148 803 4222 Nec
824 4145 889 4221 tibi
910 4155 1046 4222 tantum
1069 4146 1305 4245 gratulamur,
1330 4149 1393 4224 scd
1412 4157 1448 4223 et
1466 4148 1639 4224 nobismet
1656 4148 1758 4246 ipsis,

242 4278 347 4363 atque
367 4267 577 4342 Academiae
594 4273 743 4342 nostrae.
792 4267 868 4341 Nos
893 4291 962 4342 non
988 4266 1224 4342 desideramus
1244 4267 1415 4344 amicitiae
1438 4275 1520 4342 tuae
1548 4265 1757 4344 testificatio·

243 4410 341 4475 nem,
365 4411 479 4486 neque
500 4394 540 4461 tu
562 4395 711 4465 nostrae.
758 4387 890 4464 Iisdem
911 4387 1005 4462 enim
1025 4387 1097 4464 iam
1119 4387 1228 4463 animi
1248 4386 1408 4462 sensibus
1434 4386 1628 4484 studiisque
1648 4385 1759 4463 iuncti

241 4529 382 4595 sumus,
405 4508 444 4582 id
469 4508 570 4582 unice
595 4514 790 4606 spectantes
812 4513 918 4606 atque
937 4514 1119 4606 optantes,
1144 4515 1186 4580 nt
1211 4507 1405 4582 communis
1425 4515 1541 4582 nostra
1562 4529 1665 4604 opera
1681 4512 1758 4580 ten-

243 4626 304 4698 dat
336 4626 383 4701 ad
412 4628 621 4704 Academiae
651 4636 788 4704 nostrae
823 4627 1077 4716 celebritatem,
1110 4651 1294 4726 veramque
1328 4626 1507 4703 Societatis
1544 4626 1758 4702 Christianae
1853 4701 1857 4710 ,

242 4745 391 4820 salutem
414 4748 626 4846 augendam
634 4756 673 4822 et
694 4749 1057 4847 amplificandam..
1264 4809 1267 4818 .

150 4949 155 4956 ,
288 4863 395 4940 Sed
384 4889 422 4941 ru
445 4867 527 4945 tatis
551 4867 761 4945 Academiae
782 4868 980 4944 enarrandis
1002 4868 1047 4944 de
1077 4870 1211 4944 Or‘oitae
1236 4866 1311 4946 eiua
1334 4865 1440 4942 etiam
1460 4865 1549 4942 mihi
1568 4872 1620 4942 est
1640 4865 1755 4942 dieen-
