<?xml version="1.0" encoding="UTF-8"?>
<!DOCTYPE html PUBLIC "-//W3C//DTD XHTML 1.0 Transitional//EN"
    "http://www.w3.org/TR/xhtml1/DTD/xhtml1-transitional.dtd">
<html xmlns="http://www.w3.org/1999/xhtml" xml:lang="en" lang="en">
 <head>
  <title>
</title>
<meta http-equiv="Content-Type" content="text/html;charset=utf-8" />
  <meta name='ocr-system' content='tesseract 3.04.00' />
  <meta name='ocr-capabilities' content='ocr_page ocr_carea ocr_par ocr_line ocrx_word'/>
</head>
<body>
  <div class='ocr_page' id='page_1' title='image "annalesacademic05unkngoog_0115.png"; bbox 0 0 4892 6184; ppageno 0'>
   <div class='ocr_carea' id='block_1_1' title="bbox 853 715 1744 788">
    <p class='ocr_par' dir='ltr' id='par_1_1' title="bbox 853 715 1744 788">
     <span class='ocr_line' id='line_1_1' title="bbox 853 715 1744 788; baseline 0.007 -8"><span class='ocrx_word' id='word_1_1' title='bbox 853 715 1130 784; x_wconf 75' lang='lat' dir='ltr'><strong>ouarlo.</strong></span> <span class='ocrx_word' id='word_1_2' title='bbox 1681 721 1744 788; x_wconf 84' lang='lat'><strong>105</strong></span> 
     </span>
    </p>
   </div>
   <div class='ocr_carea' id='block_1_2' title="bbox 231 920 1744 1620">
    <p class='ocr_par' dir='ltr' id='par_1_2' title="bbox 231 920 1744 1620">
     <span class='ocr_line' id='line_1_2' title="bbox 234 920 1744 1023; baseline 0.003 -26"><span class='ocrx_word' id='word_1_3' title='bbox 234 923 319 1000; x_wconf 79' lang='lat' dir='ltr'><strong>alter</strong></span> <span class='ocrx_word' id='word_1_4' title='bbox 351 949 373 997; x_wconf 92' lang='lat' dir='ltr'><strong>a</strong></span> <span class='ocrx_word' id='word_1_5' title='bbox 408 921 587 998; x_wconf 84' lang='lat' dir='ltr'><strong>Facultate</strong></span> <span class='ocrx_word' id='word_1_6' title='bbox 619 920 777 1011; x_wconf 90' lang='lat' dir='ltr'><strong>Medica,</strong></span> <span class='ocrx_word' id='word_1_7' title='bbox 809 924 896 998; x_wconf 89' lang='lat' dir='ltr'><strong>alter</strong></span> <span class='ocrx_word' id='word_1_8' title='bbox 929 951 950 999; x_wconf 92' lang='lat' dir='ltr'><strong>a</strong></span> <span class='ocrx_word' id='word_1_9' title='bbox 980 925 1237 1023; x_wconf 76' lang='lat' dir='ltr'><strong>Theologorum</strong></span> <span class='ocrx_word' id='word_1_10' title='bbox 1262 925 1393 999; x_wconf 82' lang='lat' dir='ltr'>Ordine</span> <span class='ocrx_word' id='word_1_11' title='bbox 1422 925 1607 1002; x_wconf 88' lang='lat' dir='ltr'><strong>honorifico</strong></span> <span class='ocrx_word' id='word_1_12' title='bbox 1632 930 1744 1002; x_wconf 89' lang='lat' dir='ltr'><strong>ornati</strong></span> 
     </span>
     <span class='ocr_line' id='line_1_3' title="bbox 233 1032 1742 1144; baseline 0.001 -26"><span class='ocrx_word' id='word_1_13' title='bbox 233 1045 315 1119; x_wconf 89' lang='lat' dir='ltr'><strong>estis</strong></span> <span class='ocrx_word' id='word_1_14' title='bbox 340 1044 546 1118; x_wconf 88' lang='lat' dir='ltr'><strong>testimonio.</strong></span> <span class='ocrx_word' id='word_1_15' title='bbox 598 1043 723 1121; x_wconf 77' lang='lat' dir='ltr'><strong>Quid?</strong></span> <span class='ocrx_word' id='word_1_16' title='bbox 748 1032 843 1144; x_wconf 82' lang='lat' dir='ltr'><strong>quod</strong></span> <span class='ocrx_word' id='word_1_17' title='bbox 866 1051 1000 1144; x_wconf 87' lang='lat' dir='ltr'><strong>praeter</strong></span> <span class='ocrx_word' id='word_1_18' title='bbox 1021 1045 1226 1131; x_wconf 75' lang='lat' dir='ltr'><strong>laudabilia,</strong></span> <span class='ocrx_word' id='word_1_19' title='bbox 1260 1069 1349 1143; x_wconf 91' lang='lat' dir='ltr'><strong>quae</strong></span> <span class='ocrx_word' id='word_1_20' title='bbox 1373 1045 1489 1119; x_wconf 85' lang='lat' dir='ltr'><strong>forent</strong></span> <span class='ocrx_word' id='word_1_21' title='bbox 1516 1071 1555 1120; x_wconf 91' lang='lat' dir='ltr'><strong>ac</strong></span> <span class='ocrx_word' id='word_1_22' title='bbox 1579 1053 1742 1134; x_wconf 90' lang='lat' dir='ltr'><strong>tuentur,</strong></span> 
     </span>
     <span class='ocr_line' id='line_1_4' title="bbox 232 1162 1741 1251; baseline 0.002 -14"><span class='ocrx_word' id='word_1_23' title='bbox 232 1166 410 1251; x_wconf 89' lang='lat' dir='ltr'><strong>instituta,</strong></span> <span class='ocrx_word' id='word_1_24' title='bbox 442 1187 572 1237; x_wconf 86' lang='lat' dir='ltr'><strong>novum</strong></span> <span class='ocrx_word' id='word_1_25' title='bbox 611 1163 716 1238; x_wconf 88' lang='lat' dir='ltr'><strong>etiam</strong></span> <span class='ocrx_word' id='word_1_26' title='bbox 751 1164 853 1237; x_wconf 85' lang='lat' dir='ltr'><strong>Cives</strong></span> <span class='ocrx_word' id='word_1_27' title='bbox 886 1164 1072 1239; x_wconf 84' lang='lat' dir='ltr'><strong>academici</strong></span> <span class='ocrx_word' id='word_1_28' title='bbox 1105 1162 1334 1238; x_wconf 90' lang='lat' dir='ltr'><strong>condiderunt</strong></span> <span class='ocrx_word' id='word_1_29' title='bbox 1361 1163 1579 1251; x_wconf 76' lang='lat' dir='ltr'><strong>sodalitium,</strong></span> <span class='ocrx_word' id='word_1_30' title='bbox 1614 1167 1741 1240; x_wconf 78' lang='grc' dir='ltr'><strong><em>πάντα</em></strong></span> 
     </span>
     <span class='ocr_line' id='line_1_5' title="bbox 231 1282 1742 1384; baseline -0.001 -24"><span class='ocrx_word' id='word_1_31' title='bbox 231 1288 352 1374; x_wconf 67' lang='grc' dir='ltr'><strong><em>γόητα</em></strong></span> <span class='ocrx_word' id='word_1_32' title='bbox 379 1283 530 1372; x_wconf 91' lang='lat' dir='ltr'><strong>dictum,</strong></span> <span class='ocrx_word' id='word_1_33' title='bbox 559 1282 648 1356; x_wconf 90' lang='lat' dir='ltr'><strong>bene</strong></span> <span class='ocrx_word' id='word_1_34' title='bbox 670 1282 922 1384; x_wconf 71' lang='lat' dir='ltr'><strong>intelligentes,</strong></span> <span class='ocrx_word' id='word_1_35' title='bbox 947 1283 1164 1358; x_wconf 80' lang='lat' dir='ltr'><strong>verissimum</strong></span> <span class='ocrx_word' id='word_1_36' title='bbox 1183 1309 1278 1371; x_wconf 87' lang='lat' dir='ltr'><strong>esse,</strong></span> <span class='ocrx_word' id='word_1_37' title='bbox 1304 1283 1398 1383; x_wconf 91' lang='lat' dir='ltr'><strong>quod</strong></span> <span class='ocrx_word' id='word_1_38' title='bbox 1420 1291 1537 1358; x_wconf 87' lang='lat' dir='ltr'><strong>monet</strong></span> <span class='ocrx_word' id='word_1_39' title='bbox 1558 1285 1742 1372; x_wconf 78' lang='lat' dir='ltr'><strong>Teucrus,</strong></span> 
     </span>
     <span class='ocr_line' id='line_1_6' title="bbox 235 1403 1743 1502; baseline 0.003 -30"><span class='ocrx_word' id='word_1_40' title='bbox 235 1428 376 1477; x_wconf 82' lang='lat' dir='ltr'><strong>nomnes</strong></span> <span class='ocrx_word' id='word_1_41' title='bbox 395 1408 505 1490; x_wconf 90' lang='lat' dir='ltr'><strong>artes,</strong></span> <span class='ocrx_word' id='word_1_42' title='bbox 539 1426 629 1501; x_wconf 91' lang='lat' dir='ltr'><strong>quae</strong></span> <span class='ocrx_word' id='word_1_43' title='bbox 653 1403 699 1477; x_wconf 91' lang='lat' dir='ltr'><strong>ad</strong></span> <span class='ocrx_word' id='word_1_44' title='bbox 719 1403 970 1478; x_wconf 83' lang='lat' dir='ltr'><strong>humanitatem</strong></span> <span class='ocrx_word' id='word_1_45' title='bbox 989 1403 1182 1502; x_wconf 85' lang='lat' dir='ltr'><strong>pertinent,</strong></span> <span class='ocrx_word' id='word_1_46' title='bbox 1211 1403 1337 1478; x_wconf 86' lang='lat' dir='ltr'><strong>habere</strong></span> <span class='ocrx_word' id='word_1_47' title='bbox 1362 1403 1539 1500; x_wconf 88' lang='lat' dir='ltr'><strong>quoddam</strong></span> <span class='ocrx_word' id='word_1_48' title='bbox 1559 1426 1743 1479; x_wconf 87' lang='lat' dir='ltr'><strong>commune</strong></span> 
     </span>
     <span class='ocr_line' id='line_1_7' title="bbox 236 1521 1524 1620; baseline 0.003 -30"><span class='ocrx_word' id='word_1_49' title='bbox 236 1523 455 1610; x_wconf 85' lang='lat' dir='ltr'><strong>uvinculum,</strong></span> <span class='ocrx_word' id='word_1_50' title='bbox 481 1528 516 1595; x_wconf 90' lang='lat' dir='ltr'><strong>et</strong></span> <span class='ocrx_word' id='word_1_51' title='bbox 542 1521 643 1620; x_wconf 91' lang='lat' dir='ltr'><strong>quasi</strong></span> <span class='ocrx_word' id='word_1_52' title='bbox 667 1521 870 1619; x_wconf 87' lang='lat' dir='ltr'><strong>cognatione</strong></span> <span class='ocrx_word' id='word_1_53' title='bbox 894 1521 1045 1619; x_wconf 90' lang='lat' dir='ltr'><strong>quadam</strong></span> <span class='ocrx_word' id='word_1_54' title='bbox 1067 1522 1157 1594; x_wconf 89' lang='lat' dir='ltr'><strong>inter</strong></span> <span class='ocrx_word' id='word_1_55' title='bbox 1182 1546 1218 1595; x_wconf 89' lang='lat' dir='ltr'><strong>se</strong></span> <span class='ocrx_word' id='word_1_56' title='bbox 1242 1523 1409 1596; x_wconf 89' lang='lat' dir='ltr'><strong>contineri</strong></span> <span class='ocrx_word' id='word_1_57' title='bbox 1422 1523 1524 1613; x_wconf 64' lang='lat' dir='ltr'><strong>¹‘’tt’&#39;</strong></span> 
     </span>
    </p>
   </div>
   <div class='ocr_carea' id='block_1_3' title="bbox 228 1758 1748 3769">
    <p class='ocr_par' dir='ltr' id='par_1_3' title="bbox 231 1758 1744 2095">
     <span class='ocr_line' id='line_1_8' title="bbox 281 1758 1744 1861; baseline 0.003 -29"><span class='ocrx_word' id='word_1_58' title='bbox 281 1759 338 1832; x_wconf 88' lang='lat' dir='ltr'><strong>Ad</strong></span> <span class='ocrx_word' id='word_1_59' title='bbox 360 1767 451 1832; x_wconf 90' lang='lat' dir='ltr'><strong>artes</strong></span> <span class='ocrx_word' id='word_1_60' title='bbox 469 1767 586 1832; x_wconf 81' lang='lat' dir='ltr'><strong>autem</strong></span> <span class='ocrx_word' id='word_1_61' title='bbox 605 1759 681 1832; x_wconf 87' lang='lat' dir='ltr'><strong>illas</strong></span> <span class='ocrx_word' id='word_1_62' title='bbox 705 1759 911 1842; x_wconf 84' lang='lat' dir='ltr'><strong>exercendas</strong></span> <span class='ocrx_word' id='word_1_63' title='bbox 931 1758 1064 1833; x_wconf 85' lang='lat' dir='ltr'><strong>idoneis</strong></span> <span class='ocrx_word' id='word_1_64' title='bbox 1086 1783 1174 1859; x_wconf 91' lang='lat' dir='ltr'><strong>opus</strong></span> <span class='ocrx_word' id='word_1_65' title='bbox 1196 1767 1250 1833; x_wconf 92' lang='lat' dir='ltr'><strong>est</strong></span> <span class='ocrx_word' id='word_1_66' title='bbox 1272 1762 1430 1834; x_wconf 78' lang='lat' dir='ltr'><strong>subsidiis</strong></span> <span class='ocrx_word' id='word_1_67' title='bbox 1449 1763 1744 1861; x_wconf 67' lang='lat' dir='ltr'><strong>adminiculisque:</strong></span> 
     </span>
     <span class='ocr_line' id='line_1_9' title="bbox 232 1877 1743 1976; baseline 0.002 -25"><span class='ocrx_word' id='word_1_68' title='bbox 232 1903 335 1976; x_wconf 90' lang='lat' dir='ltr'><strong>quam</strong></span> <span class='ocrx_word' id='word_1_69' title='bbox 363 1878 409 1951; x_wconf 94' lang='lat' dir='ltr'><strong>ob</strong></span> <span class='ocrx_word' id='word_1_70' title='bbox 442 1902 581 1952; x_wconf 88' lang='lat' dir='ltr'><strong>causam</strong></span> <span class='ocrx_word' id='word_1_71' title='bbox 605 1878 640 1950; x_wconf 93' lang='lat' dir='ltr'><strong>in</strong></span> <span class='ocrx_word' id='word_1_72' title='bbox 668 1877 975 1953; x_wconf 87' lang='lat' dir='ltr'><strong>commemorandis</strong></span> <span class='ocrx_word' id='word_1_73' title='bbox 1001 1878 1207 1953; x_wconf 86' lang='lat' dir='ltr'><strong>Academiae</strong></span> <span class='ocrx_word' id='word_1_74' title='bbox 1227 1878 1306 1952; x_wconf 82' lang='lat' dir='ltr'><strong>fatis</strong></span> <span class='ocrx_word' id='word_1_75' title='bbox 1328 1879 1372 1952; x_wconf 91' lang='lat' dir='ltr'><strong>de</strong></span> <span class='ocrx_word' id='word_1_76' title='bbox 1394 1878 1462 1952; x_wconf 90' lang='lat' dir='ltr'><strong>illis</strong></span> <span class='ocrx_word' id='word_1_77' title='bbox 1489 1879 1591 1954; x_wconf 88' lang='lat' dir='ltr'><strong>etiam</strong></span> <span class='ocrx_word' id='word_1_78' title='bbox 1619 1879 1743 1954; x_wconf 80' lang='lat' dir='ltr'><strong>reterre</strong></span> 
     </span>
     <span class='ocr_line' id='line_1_10' title="bbox 231 1985 673 2095; baseline 0.007 -25"><span class='ocrx_word' id='word_1_79' title='bbox 231 2023 286 2071; x_wconf 88' lang='lat' dir='ltr'><strong>me</strong></span> <span class='ocrx_word' id='word_1_80' title='bbox 312 2005 458 2095; x_wconf 90' lang='lat' dir='ltr'><strong>oportet.</strong></span> <span class='ocrx_word' id='word_1_81' title='bbox 668 1985 673 1992; x_wconf 40' lang='lat'><strong>¹</strong></span> 
     </span>
    </p>

    <p class='ocr_par' dir='ltr' id='par_1_4' title="bbox 230 2117 1747 2575">
     <span class='ocr_line' id='line_1_11' title="bbox 281 2117 1744 2205; baseline 0.003 -19"><span class='ocrx_word' id='word_1_82' title='bbox 281 2117 461 2205; x_wconf 81' lang='lat' dir='ltr'><strong>Cubicula,</strong></span> <span class='ocrx_word' id='word_1_83' title='bbox 498 2117 734 2190; x_wconf 82' lang='lat' dir='ltr'><strong>Professorum</strong></span> <span class='ocrx_word' id='word_1_84' title='bbox 767 2120 951 2192; x_wconf 88' lang='lat' dir='ltr'><strong>conventui</strong></span> <span class='ocrx_word' id='word_1_85' title='bbox 983 2144 1023 2192; x_wconf 91' lang='lat' dir='ltr'><strong>ac</strong></span> <span class='ocrx_word' id='word_1_86' title='bbox 1052 2119 1293 2192; x_wconf 87' lang='lat' dir='ltr'><strong>Studiosorum</strong></span> <span class='ocrx_word' id='word_1_87' title='bbox 1325 2119 1541 2194; x_wconf 83' lang='lat' dir='ltr'><strong>examinibus</strong></span> <span class='ocrx_word' id='word_1_88' title='bbox 1576 2119 1744 2194; x_wconf 88' lang='lat' dir='ltr'><strong>habcndis</strong></span> 
     </span>
     <span class='ocr_line' id='line_1_12' title="bbox 230 2238 1745 2336; baseline 0.004 -28"><span class='ocrx_word' id='word_1_89' title='bbox 230 2238 417 2322; x_wconf 87' lang='lat' dir='ltr'><strong>destinata,</strong></span> <span class='ocrx_word' id='word_1_90' title='bbox 448 2262 512 2310; x_wconf 92' lang='lat' dir='ltr'><strong>nec</strong></span> <span class='ocrx_word' id='word_1_91' title='bbox 537 2238 710 2322; x_wconf 85' lang='lat' dir='ltr'><strong>sufficere,</strong></span> <span class='ocrx_word' id='word_1_92' title='bbox 743 2246 779 2308; x_wconf 86' lang='lat' dir='ltr'><strong>ct</strong></span> <span class='ocrx_word' id='word_1_93' title='bbox 810 2238 923 2309; x_wconf 90' lang='lat' dir='ltr'><strong>minus</strong></span> <span class='ocrx_word' id='word_1_94' title='bbox 953 2247 1033 2334; x_wconf 91' lang='lat' dir='ltr'><strong>apta</strong></span> <span class='ocrx_word' id='word_1_95' title='bbox 1063 2262 1137 2310; x_wconf 89' lang='lat' dir='ltr'><strong>esse</strong></span> <span class='ocrx_word' id='word_1_96' title='bbox 1164 2238 1323 2309; x_wconf 92' lang='lat' dir='ltr'><strong>novimus</strong></span> <span class='ocrx_word' id='word_1_97' title='bbox 1353 2261 1482 2311; x_wconf 84' lang='lat' dir='ltr'><strong>omnes.</strong></span> <span class='ocrx_word' id='word_1_98' title='bbox 1533 2239 1613 2312; x_wconf 82' lang='lat' dir='ltr'><strong>Alia</strong></span> <span class='ocrx_word' id='word_1_99' title='bbox 1637 2239 1745 2336; x_wconf 86' lang='lat' dir='ltr'><strong>igitur</strong></span> 
     </span>
     <span class='ocr_line' id='line_1_13' title="bbox 230 2354 1747 2455; baseline -0.001 -23"><span class='ocrx_word' id='word_1_100' title='bbox 230 2383 339 2455; x_wconf 88' lang='lat' dir='ltr'><strong>eaque</strong></span> <span class='ocrx_word' id='word_1_101' title='bbox 372 2357 552 2430; x_wconf 91' lang='lat' dir='ltr'><strong>commoda</strong></span> <span class='ocrx_word' id='word_1_102' title='bbox 581 2357 624 2428; x_wconf 91' lang='lat' dir='ltr'><strong>iis</strong></span> <span class='ocrx_word' id='word_1_103' title='bbox 651 2355 802 2429; x_wconf 90' lang='lat' dir='ltr'><strong>addendi</strong></span> <span class='ocrx_word' id='word_1_104' title='bbox 826 2355 970 2430; x_wconf 81' lang='lat' dir='ltr'><strong>facultas</strong></span> <span class='ocrx_word' id='word_1_105' title='bbox 996 2379 1040 2428; x_wconf 90' lang='lat' dir='ltr'><strong>ne</strong></span> <span class='ocrx_word' id='word_1_106' title='bbox 1064 2355 1153 2428; x_wconf 88' lang='lat' dir='ltr'><strong>desit</strong></span> <span class='ocrx_word' id='word_1_107' title='bbox 1178 2354 1437 2442; x_wconf 76' lang='lat' dir='ltr'><strong>curatoribus,</strong></span> <span class='ocrx_word' id='word_1_108' title='bbox 1459 2356 1552 2430; x_wconf 92' lang='lat' dir='ltr'><strong>iusta</strong></span> <span class='ocrx_word' id='word_1_109' title='bbox 1577 2357 1620 2430; x_wconf 91' lang='lat' dir='ltr'><strong>de</strong></span> <span class='ocrx_word' id='word_1_110' title='bbox 1643 2381 1747 2432; x_wconf 87' lang='lat' dir='ltr'><strong>causa</strong></span> 
     </span>
     <span class='ocr_line' id='line_1_14' title="bbox 230 2488 401 2575; baseline 0 -25"><span class='ocrx_word' id='word_1_111' title='bbox 230 2488 401 2575; x_wconf 89' lang='lat' dir='ltr'><strong>optamus.</strong></span> 
     </span>
    </p>

    <p class='ocr_par' dir='ltr' id='par_1_5' title="bbox 228 2595 1748 3769">
     <span class='ocr_line' id='line_1_15' title="bbox 279 2595 1745 2693; baseline -0.001 -23"><span class='ocrx_word' id='word_1_112' title='bbox 279 2597 493 2670; x_wconf 73' lang='lat' dir='ltr'><strong>Bibliotheca</strong></span> <span class='ocrx_word' id='word_1_113' title='bbox 515 2621 577 2693; x_wconf 92' lang='lat' dir='ltr'><strong>per</strong></span> <span class='ocrx_word' id='word_1_114' title='bbox 596 2595 791 2693; x_wconf 81' lang='lat' dir='ltr'><strong>proximum</strong></span> <span class='ocrx_word' id='word_1_115' title='bbox 816 2619 947 2668; x_wconf 90' lang='lat' dir='ltr'><strong>annum</strong></span> <span class='ocrx_word' id='word_1_116' title='bbox 975 2621 996 2668; x_wconf 92' lang='lat' dir='ltr'><strong>a</strong></span> <span class='ocrx_word' id='word_1_117' title='bbox 1023 2596 1142 2669; x_wconf 88' lang='lat' dir='ltr'><strong>multis</strong></span> <span class='ocrx_word' id='word_1_118' title='bbox 1165 2595 1201 2669; x_wconf 75' lang='lat' dir='ltr'><strong>et</strong></span> <span class='ocrx_word' id='word_1_119' title='bbox 1221 2596 1430 2669; x_wconf 89' lang='lat' dir='ltr'><strong>Academiae</strong></span> <span class='ocrx_word' id='word_1_120' title='bbox 1451 2595 1604 2683; x_wconf 85' lang='lat' dir='ltr'><strong>ciuibus,</strong></span> <span class='ocrx_word' id='word_1_121' title='bbox 1639 2595 1674 2669; x_wconf 69' lang='lat' dir='ltr'><strong>tt</strong></span> <span class='ocrx_word' id='word_1_122' title='bbox 1700 2596 1745 2669; x_wconf 89' lang='lat' dir='ltr'><strong>ab</strong></span> 
     </span>
     <span class='ocr_line' id='line_1_16' title="bbox 230 2712 1747 2812; baseline -0.003 -21"><span class='ocrx_word' id='word_1_123' title='bbox 230 2717 305 2791; x_wconf 88' lang='lat' dir='ltr'><strong>aliis</strong></span> <span class='ocrx_word' id='word_1_124' title='bbox 328 2716 566 2812; x_wconf 86' lang='lat' dir='ltr'><strong>frequentata,</strong></span> <span class='ocrx_word' id='word_1_125' title='bbox 598 2714 757 2811; x_wconf 88' lang='lat' dir='ltr'><strong>plurimis</strong></span> <span class='ocrx_word' id='word_1_126' title='bbox 785 2739 912 2812; x_wconf 86' lang='lat' dir='ltr'><strong>magno</strong></span> <span class='ocrx_word' id='word_1_127' title='bbox 936 2714 1015 2787; x_wconf 93' lang='lat' dir='ltr'><strong>usui</strong></span> <span class='ocrx_word' id='word_1_128' title='bbox 1038 2713 1115 2787; x_wconf 89' lang='lat' dir='ltr'><strong>fuit.</strong></span> <span class='ocrx_word' id='word_1_129' title='bbox 1166 2714 1350 2788; x_wconf 90' lang='lat' dir='ltr'><strong>Librorum</strong></span> <span class='ocrx_word' id='word_1_130' title='bbox 1374 2737 1540 2786; x_wconf 92' lang='lat' dir='ltr'><strong>numerus</strong></span> <span class='ocrx_word' id='word_1_131' title='bbox 1566 2712 1747 2810; x_wconf 87' lang='lat' dir='ltr'><strong>insigniter</strong></span> 
     </span>
     <span class='ocr_line' id='line_1_17' title="bbox 230 2831 1746 2935; baseline -0.001 -27"><span class='ocrx_word' id='word_1_132' title='bbox 230 2845 351 2908; x_wconf 90' lang='lat' dir='ltr'><strong>auctus</strong></span> <span class='ocrx_word' id='word_1_133' title='bbox 373 2842 427 2907; x_wconf 88' lang='lat' dir='ltr'><strong>est</strong></span> <span class='ocrx_word' id='word_1_134' title='bbox 452 2833 571 2921; x_wconf 93' lang='lat' dir='ltr'><strong>donis,</strong></span> <span class='ocrx_word' id='word_1_135' title='bbox 604 2834 732 2932; x_wconf 92' lang='lat' dir='ltr'><strong>quibus</strong></span> <span class='ocrx_word' id='word_1_136' title='bbox 757 2834 911 2907; x_wconf 91' lang='lat' dir='ltr'><strong>illatum</strong></span> <span class='ocrx_word' id='word_1_137' title='bbox 933 2833 978 2906; x_wconf 89' lang='lat' dir='ltr'><strong>ab</strong></span> <span class='ocrx_word' id='word_1_138' title='bbox 1000 2834 1247 2935; x_wconf 89' lang='lat' dir='ltr'><strong>augustissimo</strong></span> <span class='ocrx_word' id='word_1_139' title='bbox 1272 2834 1388 2931; x_wconf 80' lang='lat' dir='ltr'><strong>Rege,</strong></span> <span class='ocrx_word' id='word_1_140' title='bbox 1422 2839 1499 2906; x_wconf 89' lang='lat' dir='ltr'><strong>tum</strong></span> <span class='ocrx_word' id='word_1_141' title='bbox 1523 2831 1668 2906; x_wconf 90' lang='lat' dir='ltr'><strong>aliorum</strong></span> <span class='ocrx_word' id='word_1_142' title='bbox 1692 2857 1746 2906; x_wconf 90' lang='lat' dir='ltr'><strong>ac·</strong></span> 
     </span>
     <span class='ocr_line' id='line_1_18' title="bbox 229 2943 1748 3050; baseline -0.003 -22"><span class='ocrx_word' id='word_1_143' title='bbox 229 2954 502 3028; x_wconf 91' lang='lat' dir='ltr'><strong>commodatione</strong></span> <span class='ocrx_word' id='word_1_144' title='bbox 524 2954 651 3029; x_wconf 90' lang='lat' dir='ltr'><strong>donata</strong></span> <span class='ocrx_word' id='word_1_145' title='bbox 667 2955 744 3028; x_wconf 84' lang='lat' dir='ltr'><strong>tuit.</strong></span> <span class='ocrx_word' id='word_1_146' title='bbox 797 2956 950 3027; x_wconf 75' lang='lat' dir='ltr'><strong>Societas</strong></span> <span class='ocrx_word' id='word_1_147' title='bbox 973 2955 1254 3039; x_wconf 66' lang='lat' dir='ltr'><strong>Vadomarium,</strong></span> <span class='ocrx_word' id='word_1_148' title='bbox 1280 2951 1344 3026; x_wconf 93' lang='lat' dir='ltr'><strong>hoc</strong></span> <span class='ocrx_word' id='word_1_149' title='bbox 1365 2976 1504 3050; x_wconf 91' lang='lat' dir='ltr'><strong>quoque</strong></span> <span class='ocrx_word' id='word_1_150' title='bbox 1524 2976 1631 3040; x_wconf 91' lang='lat' dir='ltr'><strong>anno,</strong></span> <span class='ocrx_word' id='word_1_151' title='bbox 1653 2943 1748 3025; x_wconf 89' lang='lat' dir='ltr'><strong>haud</strong></span> 
     </span>
     <span class='ocr_line' id='line_1_19' title="bbox 229 3072 1746 3171; baseline -0.003 -24"><span class='ocrx_word' id='word_1_152' title='bbox 229 3099 356 3171; x_wconf 89' lang='lat' dir='ltr'><strong>paucos</strong></span> <span class='ocrx_word' id='word_1_153' title='bbox 380 3074 501 3160; x_wconf 89' lang='lat' dir='ltr'><strong>libms,</strong></span> <span class='ocrx_word' id='word_1_154' title='bbox 538 3075 686 3146; x_wconf 83' lang='lat' dir='ltr'><strong>maxime</strong></span> <span class='ocrx_word' id='word_1_155' title='bbox 717 3073 761 3146; x_wconf 88' lang='lat' dir='ltr'><strong>ad</strong></span> <span class='ocrx_word' id='word_1_156' title='bbox 787 3097 841 3145; x_wconf 89' lang='lat' dir='ltr'><strong>res</strong></span> <span class='ocrx_word' id='word_1_157' title='bbox 861 3073 1041 3146; x_wconf 87' lang='lat' dir='ltr'><strong>Americae</strong></span> <span class='ocrx_word' id='word_1_158' title='bbox 1069 3072 1351 3170; x_wconf 77' lang='lat' dir='ltr'><strong>septentrionalis</strong></span> <span class='ocrx_word' id='word_1_159' title='bbox 1372 3072 1602 3168; x_wconf 88' lang='lat' dir='ltr'><strong>pertinentes,</strong></span> <span class='ocrx_word' id='word_1_160' title='bbox 1635 3077 1746 3144; x_wconf 88' lang='lat' dir='ltr'><strong>trans-</strong></span> 
     </span>
     <span class='ocr_line' id='line_1_20' title="bbox 229 3190 1747 3292; baseline 0 -26"><span class='ocrx_word' id='word_1_161' title='bbox 229 3194 333 3267; x_wconf 91' lang='lat' dir='ltr'><strong>misit.</strong></span> <span class='ocrx_word' id='word_1_162' title='bbox 368 3195 546 3267; x_wconf 79' lang='lat' dir='ltr'><strong>Institutio</strong></span> <span class='ocrx_word' id='word_1_163' title='bbox 571 3197 820 3280; x_wconf 76' lang='lat' dir='ltr'><strong>Smiaaouiaaa‚</strong></span> <span class='ocrx_word' id='word_1_164' title='bbox 846 3218 935 3290; x_wconf 92' lang='lat' dir='ltr'><strong>quae</strong></span> <span class='ocrx_word' id='word_1_165' title='bbox 967 3195 1237 3292; x_wconf 70' lang='lat' dir='ltr'><strong>Wcstinptoaiae</strong></span> <span class='ocrx_word' id='word_1_166' title='bbox 1259 3193 1377 3278; x_wconf 81' lang='lat' dir='ltr'><strong>floret,</strong></span> <span class='ocrx_word' id='word_1_167' title='bbox 1403 3192 1558 3290; x_wconf 90' lang='lat' dir='ltr'><strong>amplum</strong></span> <span class='ocrx_word' id='word_1_168' title='bbox 1579 3190 1747 3266; x_wconf 90' lang='lat' dir='ltr'><strong>librorum</strong></span> 
     </span>
     <span class='ocr_line' id='line_1_21' title="bbox 229 3311 1748 3412; baseline -0.001 -26"><span class='ocrx_word' id='word_1_169' title='bbox 229 3327 430 3412; x_wconf 87' lang='lat' dir='ltr'><strong>apparatum</strong></span> <span class='ocrx_word' id='word_1_170' title='bbox 465 3315 680 3388; x_wconf 73' lang='lat' dir='ltr'><strong>dlaiectinae</strong></span> <span class='ocrx_word' id='word_1_171' title='bbox 708 3317 832 3386; x_wconf 82' lang='lat' dir='ltr'><strong>artium</strong></span> <span class='ocrx_word' id='word_1_172' title='bbox 862 3321 899 3387; x_wconf 87' lang='lat' dir='ltr'><strong>ct</strong></span> <span class='ocrx_word' id='word_1_173' title='bbox 929 3316 1155 3387; x_wconf 82' lang='lat' dir='ltr'><strong>doctrinarum</strong></span> <span class='ocrx_word' id='word_1_174' title='bbox 1184 3314 1350 3386; x_wconf 76' lang='lat' dir='ltr'><strong>Societati</strong></span> <span class='ocrx_word' id='word_1_175' title='bbox 1382 3311 1474 3386; x_wconf 92' lang='lat' dir='ltr'><strong>dono</strong></span> <span class='ocrx_word' id='word_1_176' title='bbox 1503 3311 1650 3400; x_wconf 90' lang='lat' dir='ltr'><strong>obtulit,</strong></span> <span class='ocrx_word' id='word_1_177' title='bbox 1685 3313 1748 3411; x_wconf 92' lang='lat' dir='ltr'><strong>qui</strong></span> 
     </span>
     <span class='ocr_line' id='line_1_22' title="bbox 228 3431 1747 3530; baseline 0 -24"><span class='ocrx_word' id='word_1_178' title='bbox 228 3457 347 3507; x_wconf 92' lang='lat' dir='ltr'><strong>omnes</strong></span> <span class='ocrx_word' id='word_1_179' title='bbox 374 3435 410 3507; x_wconf 95' lang='lat' dir='ltr'><strong>in</strong></span> <span class='ocrx_word' id='word_1_180' title='bbox 433 3433 649 3508; x_wconf 88' lang='lat' dir='ltr'><strong>Bibliotheca</strong></span> <span class='ocrx_word' id='word_1_181' title='bbox 675 3431 830 3507; x_wconf 86' lang='lat' dir='ltr'><strong>collocati</strong></span> <span class='ocrx_word' id='word_1_182' title='bbox 853 3432 1030 3507; x_wconf 91' lang='lat' dir='ltr'><strong>communi</strong></span> <span class='ocrx_word' id='word_1_183' title='bbox 1049 3432 1130 3507; x_wconf 92' lang='lat' dir='ltr'><strong>usui</strong></span> <span class='ocrx_word' id='word_1_184' title='bbox 1152 3431 1299 3530; x_wconf 85' lang='lat' dir='ltr'><strong>expositi</strong></span> <span class='ocrx_word' id='word_1_185' title='bbox 1326 3438 1420 3504; x_wconf 88' lang='lat' dir='ltr'><strong>sunt.</strong></span> <span class='ocrx_word' id='word_1_186' title='bbox 1471 3431 1652 3505; x_wconf 85' lang='lat' dir='ltr'><strong>Praeterea</strong></span> <span class='ocrx_word' id='word_1_187' title='bbox 1672 3438 1747 3506; x_wconf 89' lang='lat' dir='ltr'><strong>tam</strong></span> 
     </span>
     <span class='ocr_line' id='line_1_23' title="bbox 229 3549 1746 3653; baseline -0.001 -29"><span class='ocrx_word' id='word_1_188' title='bbox 229 3577 272 3625; x_wconf 83' lang='lat' dir='ltr'><strong>ex</strong></span> <span class='ocrx_word' id='word_1_189' title='bbox 301 3555 429 3628; x_wconf 91' lang='lat' dir='ltr'><strong>aerario</strong></span> <span class='ocrx_word' id='word_1_190' title='bbox 458 3554 612 3651; x_wconf 87' lang='lat' dir='ltr'><strong>publica,</strong></span> <span class='ocrx_word' id='word_1_191' title='bbox 646 3579 751 3653; x_wconf 90' lang='lat' dir='ltr'><strong>quam</strong></span> <span class='ocrx_word' id='word_1_192' title='bbox 783 3553 950 3651; x_wconf 81' lang='lat' dir='ltr'><strong>singuldri</strong></span> <span class='ocrx_word' id='word_1_193' title='bbox 981 3553 1191 3626; x_wconf 70' lang='lat' dir='ltr'><strong>(iuratorum</strong></span> <span class='ocrx_word' id='word_1_194' title='bbox 1217 3550 1441 3636; x_wconf 89' lang='lat' dir='ltr'><strong>liberalitate,</strong></span> <span class='ocrx_word' id='word_1_195' title='bbox 1477 3573 1558 3623; x_wconf 88' lang='lat' dir='ltr'><strong>cum</strong></span> <span class='ocrx_word' id='word_1_196' title='bbox 1585 3549 1746 3638; x_wconf 92' lang='lat' dir='ltr'><strong>aliunde,</strong></span> 
     </span>
     <span class='ocr_line' id='line_1_24' title="bbox 230 3661 1746 3769; baseline -0.003 -25"><span class='ocrx_word' id='word_1_197' title='bbox 230 3681 304 3744; x_wconf 93' lang='lat' dir='ltr'><strong>tum</strong></span> <span class='ocrx_word' id='word_1_198' title='bbox 333 3673 599 3746; x_wconf 91' lang='lat' dir='ltr'><strong>eBibliothecis</strong></span> <span class='ocrx_word' id='word_1_199' title='bbox 626 3675 885 3769; x_wconf 71' lang='lat' dir='ltr'><strong>Steeauplriana</strong></span> <span class='ocrx_word' id='word_1_200' title='bbox 905 3679 940 3744; x_wconf 91' lang='lat' dir='ltr'><strong>et</strong></span> <span class='ocrx_word' id='word_1_201' title='bbox 973 3671 1260 3744; x_wconf 76' lang='lat' dir='ltr'><strong>lt‘blterdeelahna</strong></span> <span class='ocrx_word' id='word_1_202' title='bbox 1285 3690 1447 3766; x_wconf 89' lang='lat' dir='ltr'><strong>magnam</strong></span> <span class='ocrx_word' id='word_1_203' title='bbox 1472 3661 1676 3754; x_wconf 71' lang='lat' dir='ltr'><strong>librorum,</strong></span> <span class='ocrx_word' id='word_1_204' title='bbox 1693 3692 1746 3740; x_wconf 90' lang='lat' dir='ltr'><strong>ra·</strong></span> 
     </span>
    </p>
   </div>
   <div class='ocr_carea' id='block_1_4' title="bbox 230 3783 1859 3892">
    <p class='ocr_par' dir='ltr' id='par_1_6' title="bbox 230 3783 1859 3892">
     <span class='ocr_line' id='line_1_25' title="bbox 230 3783 1859 3892; baseline -0.001 -29"><span class='ocrx_word' id='word_1_205' title='bbox 230 3790 358 3866; x_wconf 89' lang='lat' dir='ltr'><strong>riorum</strong></span> <span class='ocrx_word' id='word_1_206' title='bbox 383 3792 486 3865; x_wconf 88' lang='lat' dir='ltr'><strong>etiam</strong></span> <span class='ocrx_word' id='word_1_207' title='bbox 508 3791 807 3889; x_wconf 88' lang='lat' dir='ltr'><strong>etpretiosorum,</strong></span> <span class='ocrx_word' id='word_1_208' title='bbox 832 3787 967 3885; x_wconf 87' lang='lat' dir='ltr'><strong>copiam</strong></span> <span class='ocrx_word' id='word_1_209' title='bbox 986 3783 1248 3884; x_wconf 88' lang='lat' dir='ltr'><strong>acquisivimus,</strong></span> <span class='ocrx_word' id='word_1_210' title='bbox 1267 3787 1336 3892; x_wconf 11' lang='lat' dir='ltr'><strong>uqui</strong></span> <span class='ocrx_word' id='word_1_211' title='bbox 1356 3788 1425 3862; x_wconf 92' lang='lat' dir='ltr'><strong>hue</strong></span> <span class='ocrx_word' id='word_1_212' title='bbox 1444 3786 1608 3885; x_wconf 91' lang='lat' dir='ltr'><strong>usquein</strong></span> <span class='ocrx_word' id='word_1_213' title='bbox 1629 3794 1746 3862; x_wconf 89' lang='lat' dir='ltr'><strong>nostra</strong></span> <span class='ocrx_word' id='word_1_214' title='bbox 1855 3869 1859 3876; x_wconf 56' lang='grc'><strong><em>,</em></strong></span> 
     </span>
    </p>
   </div>
   <div class='ocr_carea' id='block_1_5' title="bbox 229 3903 1745 4246">
    <p class='ocr_par' dir='ltr' id='par_1_7' title="bbox 229 3903 1745 4246">
     <span class='ocr_line' id='line_1_26' title="bbox 229 3903 1744 4009; baseline -0.003 -25"><span class='ocrx_word' id='word_1_215' title='bbox 229 3911 444 4009; x_wconf 80' lang='lat' dir='ltr'><strong>Bibliotheca</strong></span> <span class='ocrx_word' id='word_1_216' title='bbox 466 3908 759 3983; x_wconf 89' lang='lat' dir='ltr'><strong>desiderabantur.</strong></span> <span class='ocrx_word' id='word_1_217' title='bbox 800 3906 983 3980; x_wconf 83' lang='lat' dir='ltr'><strong>Crescente</strong></span> <span class='ocrx_word' id='word_1_218' title='bbox 1006 3912 1124 3979; x_wconf 88' lang='lat' dir='ltr'><strong>autem</strong></span> <span class='ocrx_word' id='word_1_219' title='bbox 1147 3905 1184 3978; x_wconf 93' lang='lat' dir='ltr'><strong>in</strong></span> <span class='ocrx_word' id='word_1_220' title='bbox 1207 3905 1281 3979; x_wconf 88' lang='lat' dir='ltr'><strong>dies</strong></span> <span class='ocrx_word' id='word_1_221' title='bbox 1309 3905 1477 3982; x_wconf 92' lang='lat' dir='ltr'><strong>librorum</strong></span> <span class='ocrx_word' id='word_1_222' title='bbox 1500 3903 1744 3992; x_wconf 87' lang='lat' dir='ltr'><strong>multitudine,</strong></span> 
     </span>
     <span class='ocr_line' id='line_1_27' title="bbox 230 4025 1742 4128; baseline -0.003 -25"><span class='ocrx_word' id='word_1_223' title='bbox 230 4033 265 4104; x_wconf 93' lang='lat' dir='ltr'><strong>in</strong></span> <span class='ocrx_word' id='word_1_224' title='bbox 289 4031 363 4104; x_wconf 91' lang='lat' dir='ltr'><strong>dies</strong></span> <span class='ocrx_word' id='word_1_225' title='bbox 391 4029 503 4128; x_wconf 82' lang='lat' dir='ltr'><strong>magis</strong></span> <span class='ocrx_word' id='word_1_226' title='bbox 526 4029 642 4102; x_wconf 88' lang='lat' dir='ltr'><strong>deficit</strong></span> <span class='ocrx_word' id='word_1_227' title='bbox 666 4051 805 4126; x_wconf 89' lang='lat' dir='ltr'><strong>quoque</strong></span> <span class='ocrx_word' id='word_1_228' title='bbox 829 4025 943 4112; x_wconf 89' lang='lat' dir='ltr'><strong>locus,</strong></span> <span class='ocrx_word' id='word_1_229' title='bbox 969 4048 1040 4122; x_wconf 93' lang='lat' dir='ltr'><strong>quo</strong></span> <span class='ocrx_word' id='word_1_230' title='bbox 1060 4031 1140 4122; x_wconf 91' lang='lat' dir='ltr'><strong>apte</strong></span> <span class='ocrx_word' id='word_1_231' title='bbox 1167 4025 1304 4124; x_wconf 87' lang='lat' dir='ltr'><strong>disponi</strong></span> <span class='ocrx_word' id='word_1_232' title='bbox 1329 4027 1462 4125; x_wconf 92' lang='lat' dir='ltr'><strong>possint</strong></span> <span class='ocrx_word' id='word_1_233' title='bbox 1484 4033 1520 4098; x_wconf 90' lang='lat' dir='ltr'><strong>et</strong></span> <span class='ocrx_word' id='word_1_234' title='bbox 1542 4027 1742 4100; x_wconf 87' lang='lat' dir='ltr'><strong>conservari.</strong></span> 
     </span>
     <span class='ocr_line' id='line_1_28' title="bbox 231 4143 1745 4246; baseline -0.001 -25"><span class='ocrx_word' id='word_1_235' title='bbox 231 4150 338 4223; x_wconf 89' lang='lat' dir='ltr'><strong>Multi</strong></span> <span class='ocrx_word' id='word_1_236' title='bbox 370 4150 440 4223; x_wconf 88' lang='lat' dir='ltr'><strong>iam</strong></span> <span class='ocrx_word' id='word_1_237' title='bbox 474 4150 527 4223; x_wconf 87' lang='lat' dir='ltr'><strong>vel</strong></span> <span class='ocrx_word' id='word_1_238' title='bbox 557 4147 686 4246; x_wconf 89' lang='lat' dir='ltr'><strong>duplici</strong></span> <span class='ocrx_word' id='word_1_239' title='bbox 712 4145 834 4221; x_wconf 87' lang='lat' dir='ltr'><strong>ordine</strong></span> <span class='ocrx_word' id='word_1_240' title='bbox 859 4143 964 4242; x_wconf 91' lang='lat' dir='ltr'><strong>positi</strong></span> <span class='ocrx_word' id='word_1_241' title='bbox 985 4153 1083 4232; x_wconf 92' lang='lat' dir='ltr'><strong>sunt,</strong></span> <span class='ocrx_word' id='word_1_242' title='bbox 1118 4145 1191 4232; x_wconf 86' lang='lat' dir='ltr'><strong>vel,</strong></span> <span class='ocrx_word' id='word_1_243' title='bbox 1225 4145 1357 4220; x_wconf 78' lang='lat' dir='ltr'><strong>refertis</strong></span> <span class='ocrx_word' id='word_1_244' title='bbox 1386 4145 1535 4245; x_wconf 89' lang='lat' dir='ltr'><strong>pluteis,</strong></span> <span class='ocrx_word' id='word_1_245' title='bbox 1567 4145 1603 4219; x_wconf 94' lang='lat' dir='ltr'><strong>in</strong></span> <span class='ocrx_word' id='word_1_246' title='bbox 1630 4146 1745 4244; x_wconf 82' lang='lat' dir='ltr'><strong>ligneo</strong></span> 
     </span>
    </p>
   </div>
   <div class='ocr_carea' id='block_1_6' title="bbox 121 4264 1744 4364">
    <p class='ocr_par' dir='ltr' id='par_1_8' title="bbox 121 4264 1744 4364">
     <span class='ocr_line' id='line_1_29' title="bbox 121 4264 1744 4364; baseline -0.001 -23"><span class='ocrx_word' id='word_1_247' title='bbox 121 4271 126 4276; x_wconf 77' lang='grc'><em>’</em></span> <span class='ocrx_word' id='word_1_248' title='bbox 232 4268 378 4342; x_wconf 87' lang='lat' dir='ltr'><strong>aedificii</strong></span> <span class='ocrx_word' id='word_1_249' title='bbox 409 4268 480 4342; x_wconf 86' lang='lat' dir='ltr'><strong>solo</strong></span> <span class='ocrx_word' id='word_1_250' title='bbox 511 4268 610 4343; x_wconf 90' lang='lat' dir='ltr'><strong>strati</strong></span> <span class='ocrx_word' id='word_1_251' title='bbox 637 4270 768 4354; x_wconf 87' lang='lat' dir='ltr'><strong>iacent,</strong></span> <span class='ocrx_word' id='word_1_252' title='bbox 802 4273 843 4340; x_wconf 93' lang='lat' dir='ltr'><strong>ut</strong></span> <span class='ocrx_word' id='word_1_253' title='bbox 872 4265 958 4339; x_wconf 87' lang='lat' dir='ltr'><strong>adeo</strong></span> <span class='ocrx_word' id='word_1_254' title='bbox 982 4288 1052 4337; x_wconf 93' lang='lat' dir='ltr'><strong>non</strong></span> <span class='ocrx_word' id='word_1_255' title='bbox 1074 4264 1148 4338; x_wconf 89' lang='lat' dir='ltr'><strong>sine</strong></span> <span class='ocrx_word' id='word_1_256' title='bbox 1169 4289 1273 4340; x_wconf 89' lang='lat' dir='ltr'><strong>causa</strong></span> <span class='ocrx_word' id='word_1_257' title='bbox 1299 4266 1343 4339; x_wconf 91' lang='lat' dir='ltr'><strong>de</strong></span> <span class='ocrx_word' id='word_1_258' title='bbox 1365 4264 1606 4364; x_wconf 85' lang='lat' dir='ltr'><strong>amplificando</strong></span> <span class='ocrx_word' id='word_1_259' title='bbox 1627 4265 1744 4340; x_wconf 87' lang='lat' dir='ltr'><strong>aedifi·</strong></span> 
     </span>
    </p>
   </div>
   <div class='ocr_carea' id='block_1_7' title="bbox 230 4383 1745 4840">
    <p class='ocr_par' dir='ltr' id='par_1_9' title="bbox 230 4383 1745 4724">
     <span class='ocr_line' id='line_1_30' title="bbox 231 4383 1745 4484; baseline -0.001 -23"><span class='ocrx_word' id='word_1_260' title='bbox 231 4389 284 4461; x_wconf 89' lang='lat' dir='ltr'><strong>cio</strong></span> <span class='ocrx_word' id='word_1_261' title='bbox 306 4387 496 4462; x_wconf 88' lang='lat' dir='ltr'><strong>deliberent</strong></span> <span class='ocrx_word' id='word_1_262' title='bbox 514 4387 716 4463; x_wconf 84' lang='lat' dir='ltr'><strong>Curatores:</strong></span> <span class='ocrx_word' id='word_1_263' title='bbox 741 4411 830 4484; x_wconf 90' lang='lat' dir='ltr'><strong>quae</strong></span> <span class='ocrx_word' id='word_1_264' title='bbox 851 4383 1014 4458; x_wconf 90' lang='lat' dir='ltr'><strong>Virorum</strong></span> <span class='ocrx_word' id='word_1_265' title='bbox 1035 4384 1325 4481; x_wconf 88' lang='lat' dir='ltr'><strong>amplissimorum</strong></span> <span class='ocrx_word' id='word_1_266' title='bbox 1346 4384 1547 4459; x_wconf 85' lang='lat' dir='ltr'><strong>deliberatio</strong></span> <span class='ocrx_word' id='word_1_267' title='bbox 1564 4384 1745 4460; x_wconf 85' lang='lat' dir='ltr'><strong>utbonum</strong></span> 
     </span>
     <span class='ocr_line' id='line_1_31' title="bbox 232 4502 1739 4592; baseline -0.001 -12"><span class='ocrx_word' id='word_1_268' title='bbox 232 4505 358 4581; x_wconf 90' lang='lat' dir='ltr'><strong>habeat</strong></span> <span class='ocrx_word' id='word_1_269' title='bbox 380 4516 542 4582; x_wconf 90' lang='lat' dir='ltr'><strong>eventum</strong></span> <span class='ocrx_word' id='word_1_270' title='bbox 570 4508 605 4583; x_wconf 86' lang='lat' dir='ltr'><strong>e&#39;t</strong></span> <span class='ocrx_word' id='word_1_271' title='bbox 625 4507 860 4582; x_wconf 91' lang='lat' dir='ltr'><strong>Bibliothecae</strong></span> <span class='ocrx_word' id='word_1_272' title='bbox 884 4513 1020 4579; x_wconf 91' lang='lat' dir='ltr'><strong>nostrae</strong></span> <span class='ocrx_word' id='word_1_273' title='bbox 1041 4502 1261 4592; x_wconf 85' lang='lat' dir='ltr'><strong>Praefectus,</strong></span> <span class='ocrx_word' id='word_1_274' title='bbox 1287 4503 1323 4577; x_wconf 76' lang='lat' dir='ltr'><strong>eit</strong></span> <span class='ocrx_word' id='word_1_275' title='bbox 1345 4527 1408 4578; x_wconf 91' lang='lat' dir='ltr'><strong>nos</strong></span> <span class='ocrx_word' id='word_1_276' title='bbox 1431 4527 1550 4578; x_wconf 88' lang='lat' dir='ltr'><strong>omnes</strong></span> <span class='ocrx_word' id='word_1_277' title='bbox 1572 4504 1739 4579; x_wconf 91' lang='lat' dir='ltr'><strong>ardentis·</strong></span> 
     </span>
     <span class='ocr_line' id='line_1_32' title="bbox 230 4626 530 4724; baseline 0.013 -26"><span class='ocrx_word' id='word_1_278' title='bbox 230 4626 318 4722; x_wconf 85' lang='lat' dir='ltr'><strong>sime</strong></span> <span class='ocrx_word' id='word_1_279' title='bbox 343 4651 530 4724; x_wconf 88' lang='lat' dir='ltr'><strong>speramus.</strong></span> 
     </span>
    </p>

    <p class='ocr_par' dir='ltr' id='par_1_10' title="bbox 280 4743 1739 4840">
     <span class='ocr_line' id='line_1_33' title="bbox 280 4743 1739 4840; baseline -0.001 -23"><span class='ocrx_word' id='word_1_280' title='bbox 280 4747 439 4819; x_wconf 82' lang='lat' dir='ltr'><strong>Muscam</strong></span> <span class='ocrx_word' id='word_1_281' title='bbox 467 4748 698 4822; x_wconf 80' lang='lat' dir='ltr'><strong>Aaatouricum</strong></span> <span class='ocrx_word' id='word_1_282' title='bbox 723 4771 791 4821; x_wconf 94' lang='lat' dir='ltr'><strong>non</strong></span> <span class='ocrx_word' id='word_1_283' title='bbox 819 4746 922 4820; x_wconf 93' lang='lat' dir='ltr'><strong>modo</strong></span> <span class='ocrx_word' id='word_1_284' title='bbox 945 4745 1121 4819; x_wconf 85' lang='lat' dir='ltr'><strong>nonnullis</strong></span> <span class='ocrx_word' id='word_1_285' title='bbox 1146 4750 1286 4819; x_wconf 85' lang='lat' dir='ltr'><strong>auctum</strong></span> <span class='ocrx_word' id='word_1_286' title='bbox 1309 4750 1362 4817; x_wconf 85' lang='lat' dir='ltr'><strong>est</strong></span> <span class='ocrx_word' id='word_1_287' title='bbox 1386 4743 1652 4840; x_wconf 89' lang='lat' dir='ltr'><strong>speciminibus,</strong></span> <span class='ocrx_word' id='word_1_288' title='bbox 1678 4744 1739 4818; x_wconf 89' lang='lat' dir='ltr'><strong>sed</strong></span> 
     </span>
    </p>
   </div>
   <div class='ocr_carea' id='block_1_8' title="bbox 231 4861 1508 5054">
    <p class='ocr_par' dir='ltr' id='par_1_11' title="bbox 231 4861 1508 5054">
     <span class='ocr_line' id='line_1_34' title="bbox 231 4861 1330 4962; baseline 0.002 -26"><span class='ocrx_word' id='word_1_289' title='bbox 231 4872 305 4938; x_wconf 86' lang='lat' dir='ltr'><strong>tota</strong></span> <span class='ocrx_word' id='word_1_290' title='bbox 327 4866 432 4939; x_wconf 88' lang='lat' dir='ltr'><strong>etiam</strong></span> <span class='ocrx_word' id='word_1_291' title='bbox 455 4866 611 4942; x_wconf 89' lang='lat' dir='ltr'><strong>collectio</strong></span> <span class='ocrx_word' id='word_1_292' title='bbox 637 4865 770 4942; x_wconf 89' lang='lat' dir='ltr'><strong>meliori</strong></span> <span class='ocrx_word' id='word_1_293' title='bbox 794 4867 910 4939; x_wconf 88' lang='lat' dir='ltr'><strong>denuo</strong></span> <span class='ocrx_word' id='word_1_294' title='bbox 932 4865 1053 4940; x_wconf 89' lang='lat' dir='ltr'><strong>ordine</strong></span> <span class='ocrx_word' id='word_1_295' title='bbox 1077 4873 1130 4940; x_wconf 91' lang='lat' dir='ltr'><strong>est</strong></span> <span class='ocrx_word' id='word_1_296' title='bbox 1154 4861 1330 4962; x_wconf 90' lang='lat' dir='ltr'><strong>disposita.</strong></span> 
     </span>
     <span class='ocr_line' id='line_1_35' title="bbox 1462 4986 1508 5054; baseline 0 0"><span class='ocrx_word' id='word_1_297' title='bbox 1462 4986 1508 5054; x_wconf 80' lang='lat'><strong>14</strong></span> 
     </span>
    </p>
   </div>
   <div class='ocr_carea' id='block_1_9' title="bbox 0 0 2450 6180">
    <p class='ocr_par' dir='ltr' id='par_1_12' title="bbox 0 0 2450 6180">
     <span class='ocr_line' id='line_1_36' title="bbox 0 0 2450 6180; baseline 0 0"><span class='ocrx_word' id='word_1_298' title='bbox 0 0 2450 6180; x_wconf 95' lang='lat' dir='ltr'><strong> </strong></span> 
     </span>
    </p>
   </div>
  </div>
 </body>
</html>
