4892 6184
888 704 1166 773 ORATIO.
1354 772 1358 781 ,
1720 710 1786 777 297

318 910 502 1012 Superest,
537 919 579 988 nt
610 911 828 1013 aliquatenus
856 931 1047 1013 exponam,
1081 912 1221 1012 qualem
1243 911 1317 1010 ipse
1339 935 1409 985 non
1431 910 1510 987 ideo
1532 911 1679 988 docendi
1702 937 1781 988 nor·

270 1054 365 1105 mam
399 1031 485 1105 mihi
518 1032 755 1132 proposuerim
789 1033 925 1107 firmam
955 1041 992 1107 et
1021 1031 1294 1119 immutabilem,
1325 1054 1402 1106 eam
1422 1032 1515 1106 enirn
1536 1034 1618 1107 anni
1638 1033 1782 1122 docent,

269 1158 306 1223 et
342 1150 532 1249 longinquo
562 1150 797 1239 consuetudo,
832 1159 868 1226 et
898 1152 1108 1250 experientia
1137 1174 1257 1227 eomes
1287 1148 1421 1225 itineris
1457 1159 1493 1226 et
1525 1152 1710 1251 magistra,
1746 1160 1782 1227 et

270 1269 444 1343 studiosae
474 1270 675 1350 iuventutis,
698 1270 847 1358 utilitas,
880 1270 1170 1369 praeclarissimus
1200 1270 1298 1359 linis,
1330 1278 1366 1344 et
1388 1294 1432 1345 ex
1454 1271 1563 1345 oculis
1586 1296 1780 1371 numquam

269 1388 503 1477 amitteudns;
528 1414 599 1465 non
623 1389 731 1488 igitur
749 1390 946 1464 istiusmodi
968 1413 1126 1465 normam
1145 1389 1234 1465 mihi
1256 1390 1327 1464 iam
1350 1388 1549 1481 informavi,
1575 1393 1638 1467 sed
1657 1393 1780 1493 imagi-

267 1531 347 1581 nem
371 1508 562 1606 speciemve
586 1507 834 1598 institutionis,
860 1509 921 1584 sed
943 1510 1000 1597 id,
1024 1509 1120 1607 quod
1140 1509 1350 1607 coniungere
1374 1517 1410 1584 et
1430 1510 1593 1609 pervelim
1613 1520 1650 1585 et
1666 1513 1782 1589 oonari
1861 1554 1868 1565 ι

267 1652 337 1701 non
376 1627 515 1716 desino,
550 1627 588 1708 id
618 1628 716 1703 vobis
746 1629 916 1727 aperiam,
952 1635 993 1701 ut
1024 1627 1231 1703 satisfaciam
1255 1629 1388 1703 cunctis
1410 1629 1474 1718 iis,
1507 1631 1654 1729 quaein
1678 1632 1781 1707 huius

267 1747 430 1822 orationis
451 1748 591 1822 exordio
609 1748 729 1846 posui,
755 1756 795 1821 ut
817 1743 946 1819 scilicet
966 1743 1102 1818 tantilla
1123 1744 1187 1822 bac
1206 1768 1297 1842 quaa
1316 1745 1406 1820 inest
1429 1747 1591 1825 facundia
1611 1756 1647 1824 et
1665 1750 1782 1825 Latini

271 1867 437 1941 sermonis
470 1866 730 1954 exercitatione,
764 1874 800 1941 et
823 1863 894 1942 mei
915 1864 1025 1961 ipsius
1050 1863 1225 1962 specimen
1251 1864 1393 1964 aliquod
1417 1866 1536 1943 darem
1559 1876 1595 1943 et
1617 1870 1780 1957 rationis,

267 2010 338 2083 qua
360 1986 492 2061 litteras
512 1987 674 2087 antiquas
700 1986 788 2061 mibi
811 1984 882 2058 iam
901 1979 1139 2081 permissasin
1160 1982 1288 2058 illustri
1306 1984 1507 2061 hao¹schola
1528 1986 1596 2061 sim
1616 1987 1782 2063 docturus

267 2112 462 2181 antecessor
494 2106 692 2204 nuperrime
726 2112 882 2191 creatus,
919 2110 960 2177 ut
981 2102 1033 2177 sic
1057 2100 1204 2208 libenter
1225 2101 1461 2202 obtemperem
1484 2104 1651 2181 laudabili
1673 2107 1780 2182 maio·

267 2248 346 2298 rum
381 2224 645 2311 consuetudini,
679 2231 715 2298 et
734 2223 920 2321 bodieque
948 2228 1111 2296 retentae.
1160 2220 1206 2294 Id
1233 2221 1303 2297 iam
1334 2233 1500 2322 quaerent
1528 2227 1687 2301 nonnudli
1713 2228 1780 2302 lor·

269 2343 370 2418 tussis
393 2343 447 2418 vel
466 2341 655 2443 sperabunt
684 2350 746 2417 aut
771 2340 891 2415 nolent
914 2340 1140 2427 alterutrum,
1171 2340 1237 2415 hoc
1262 2340 1418 2430 scilicet,¹
1443 2350 1562 2418 utrum
1583 2353 1620 2418 et
1644 2345 1718 2444 ipse
1744 2348 1781 2421 in

267 2462 470 2560 explicanda
505 2462 714 2561 antiquitate
746 2459 784 2535 in
821 2458 1065 2534 vocabulorum
1098 2459 1216 2559 potius
1249 2459 1369 2535 formis
1401 2460 1469 2535 sim
1495 2461 1714 2553 haesitnrus,
1747 2473 1783 2539 et

268 2580 392 2655 haecce
416 2581 551 2655 minuta
572 2580 811 2679 propositurus
832 2602 939 2677 quam
963 2577 1237 2666 aromatissime,
1262 2604 1307 2654 sn
1328 2580 1512 2680 exspatiari
1532 2580 1569 2656 in
1588 2583 1781 2682 quamlibet
1805 2610 1811 2623 ³

175 2773 181 2783 ,
267 2709 401 2798 partem
435 2707 581 2774 conatus
617 2699 655 2772 id
693 2697 837 2797 periculi
871 2697 1053 2772 vitandum
1087 2695 1270 2771 habiturus
1306 2698 1392 2787 sim,
1428 2724 1473 2775 ne
1502 2701 1624 2802 ipsius¹
1650 2704 1782 2780 itineris

268 2820 374 2893 finem
398 2842 442 2893 ex
462 2818 570 2893 oculis
594 2816 762 2892 amittam.
812 2818 861 2891 Et
882 2825 1070 2915 utrumque
1094 2814 1311 2905 laciendum,
1335 2820 1431 2916 quod
1454 2820 1572 2920 ipsum
1598 2822 1668 2898 iarn
1699 2824 1782 2899 satis

107 2945 110 2956 '
173 2986 178 2995 ·
269 2938 419 3011 arduum
450 2961 492 3013 eo
520 2938 561 3012 fit
590 2935 782 3025 difficilius,
815 2935 898 3034 quia
920 2956 1050 3009 munus
1075 2941 1112 3009 et
1137 2935 1390 3034 amplissimum
1411 2944 1447 3011 et
1473 2939 1638 3015 latissime
1659 2950 1782 3040 patena

268 3056 355 3129 mihi
386 3056 588 3155 impositum
620 3056 686 3141 sit,
718 3055 776 3129 cui
804 3053 901 3130 omni
928 3061 1021 3129 recte
1048 3055 1203 3129 sufficere
1229 3078 1293 3128 nec
1320 3055 1506 3155 quisquam
1530 3067 1645 3157 potest
1669 3084 1782 3160 neque

269 3200 334 3275 ego
368 3177 415 3250 ad
446 3175 484 3250 id
515 3158 620 3251 valeo.
671 3174 741 3249 Sed
769 3172 885 3247 missis
913 3171 977 3260 iia,
1011 3196 1101 3271 quae
1133 3172 1334 3272 imperfecte
1361 3174 1443 3264 diu,
1469 3200 1604 3267 vereor,
1628 3204 1783 3257 remane-

270 3296 380 3383 bunt,
404 3294 443 3369 id
463 3303 600 3383 tamen,
627 3294 721 3392 quod
738 3294 870 3378 efficere
890 3292 1046 3380 annitar,
1070 3289 1219 3367 breviter
1235 3292 1404 3390 explicare
1421 3294 1549 3372 licebit.
1598 3298 1783 3373 Affirmant

269 3417 376 3515 igitur
398 3438 504 3513 quam
525 3414 666 3512 plurimi
688 3436 802 3510 neque
819 3434 884 3508 ego
904 3409 1103 3508 denegabo,
1126 3410 1343 3509 antiquitatis
1363 3411 1434 3487 lere
1453 3414 1575 3503 vitam,
1593 3426 1637 3491 'et
1652 3440 1782 3508 mores,

265 3534 375 3621 ,verbo
409 3533 523 3607 dicam
555 3553 694 3606 omnem
730 3530 902 3604 ambitum
929 3553 1005 3605 esse
1029 3528 1287 3628 indagandum,
1312 3538 1353 3605 ut
1375 3530 1456 3607 inde
1482 3542 1663 3623 nascatur,
1688 3538 1784 3635 quod

270 3651 448 3751 discipulis
480 3674 562 3726 cum
596 3650 713 3725 fructu
741 3649 930 3725 tradamus.
980 3648 1100 3724 Habet
1132 3649 1215 3737 hoc,
1248 3649 1387 3760 fateor,
1414 3652 1600 3730 utilitatem
1638 3654 1783 3731 fortasse

270 3770 442 3871 aliquam,
477 3779 514 3844 et
550 3769 738 3844 maximam
774 3768 1000 3857 suavitatem3
1035 3768 1276 3844 dulcissimum
1310 3781 1380 3859 ast,
1415 3796 1521 3871 parvo
1545 3774 1657 3873 spatio
1683 3778 1783 3873 quasi

270 3889 450 3965 conclusas
481 3912 618 3964 camere
651 3913 706 3964 ras
739 3888 911 3964 humanas
941 3887 1013 3965 fere
1050 3912 1191 3977 omnes,
1228 3914 1317 3988 quae
1350 3898 1444 3966 certa
1471 3892 1623 3991 quadam
1648 3902 1783 3985 aetate,

272 4033 383 4108 eaque
408 4007 706 4108 splendidissima,
738 4008 785 4083 ad
811 4008 990 4083 civitatum
1012 4007 1310 4100 coniunctionem,
1332 4012 1609 4113 populorumque
1631 4014 1784 4091 indolem

271 4137 309 4201 et
332 4151 438 4227 quam
460 4127 566 4203 vitam
591 4127 703 4225 ipsam
726 4126 889 4202 dixerunt
910 4126 1122 4225 pertinuere:
1154 4128 1205 4203 nil
1226 4130 1307 4203 novi
1333 4130 1539 4220 iucundius,
1573 4157 1680 4230 quam
1700 4158 1783 4209 oum

270 4248 433 4323 Puarean
464 4247 569 4345 quasi
593 4244 841 4345 rempublicam
872 4246 1132 4335 administrare,
1157 4246 1211 4323 vel
1234 4248 1417 4325 Caesarue
1442 4249 1596 4349 vestigiis
1620 4250 1781 4326 innixum
1838 4302 1841 4307 ,

272 4364 477 4441 distribuere
511 4366 683 4466 legionem
719 4365 806 4466 quid
839 4373 894 4441 est
927 4367 1023 4465 quod
1052 4373 1207 4442 mentem
1238 4368 1350 4467 magis
1380 4376 1417 4443 et
1448 4368 1541 4445 acuit
1558 4377 1603 4444 -et
1628 4370 1782 4459 extollit,
1920 4404 1923 4409 ·

270 4507 377 4583 quam
412 4484 443 4559 si
474 4485 692 4559 (lucanorum
725 4486 923 4585 sequimur,
958 4486 1044 4561 dam
1077 4485 1124 4563 ad
1155 4486 1272 4561 vivum
1306 4496 1437 4563 resecat
1471 4487 1671 4587 turpissima
1699 4487 1783 4563 vitia

269 4602 406 4702 imperii
427 4603 664 4698 Romanorum
686 4605 723 4680 iu
744 4606 877 4682 miseris
898 4606 1100 4706 provinciis,
1124 4612 1160 4681 et
1175 4603 1354 4705 regiminis
1375 4607 1466 4685 mala
1487 4616 1670 4707 stupemus
1695 4608 1781 4685 dum

270 4728 438 4797 oratorem
471 4722 701 4813 admiramur,
731 4748 845 4823 neque
871 4725 1055 4801 excelsiora
1081 4731 1165 4799 sunt
1191 4725 1321 4815 multa,
1352 4750 1458 4826 quam
1482 4726 1668 4827 indagare,
1693 4750 1779 4825 quo·

270 4841 375 4919 modo
399 4850 480 4920 ante
502 4852 661 4923 nostrum
687 4846 863 4924 maculam
887 4846 931 4923 de
951 4844 1095 4947 imperio
1116 4844 1209 4923 orbis
1227 4852 1414 4943 terrarum,
1439 4854 1516 4925 tum
1541 4855 1583 4924 ιιι
1600 4846 1782 4963 videbatur

1494 4970 1541 5045 38
