4892 6184
703 651 767 719 ιιι
840 623 842 630 '
1311 649 1607 717 ιιιιιιιιιι.

529 903 535 910 -
702 847 838 933 locutus
857 865 910 934 est
928 859 1045 947 Iesus,
1070 857 1133 956 qui
1147 881 1220 957 quo
1237 855 1389 932 melius
1377 881 1494 957 ipsum
1512 857 1745 958 intelligerent
1758 883 1844 936 usus
1857 859 1933 934 sit
1918 863 2065 960 saepiae
2074 864 2214 961 spirituc

562 1005 564 1012 ’
702 1005 722 1051 e
743 979 785 1054 V
811 979 850 1054 Τ.
878 979 1037 1053 desumto
1058 1002 1122 1078 pro
1143 976 1517 1085 αόιιναιιοιᾶληθιιας
1549 977 1694 1053 ethaeo
1717 979 1861 1078 quidem
1886 988 1989 1056 recte.
2039 982 2113 1057 Cur
2135 1008 2210 1060 uero

689 1098 842 1173 'Iesus
831 1123 868 1172 ιιι
895 1097 1141 1196 Apostolorum
1168 1076 1317 1198 gratiam
1348 1097 1443 1173 hunc
1476 1097 1636 1197 spiritum
1662 1109 1842 1200 tamquam
1866 1101 2009 1177 alteram
2032 1127 2210 1201 personam

700 1217 756 1291 sui
777 1217 925 1292 similem
950 1217 1188 1316 παράκλητον
1210 1218 1413 1317 proponat
1403 1243 1439 1292 ιιι
1464 1220 1687 1308 sementina,
1711 1243 1775 1295 cur
1794 1219 1832 1294 ιιι
1849 1223 2015 1318 precibus
2041 1223 2157 1296 alin
2130 1248 2209 1298 arm·

698 1336 837 1436 pliciore
871 1337 981 1414 forma
1014 1336 1153 1412 dicendi
1185 1344 1324 1426 utatur,
1356 1334 1508 1412 indicare
1539 1344 1645 1435 atque
1672 1362 1843 1436 exponere
1867 1339 2030 1438 neglexit.
2081 1341 2210 1418 Verum

698 1464 815 1537 temen
849 1457 910 1532 ubi
937 1459 1079 1533 alteram
1104 1456 1312 1532 discriminis
1334 1481 1474 1532 causam
1498 1457 1670 1532 invenisse
1690 1456 1758 1531 sibi
1780 1458 1918 1533 videtur
1937 1459 1975 1533 in
1997 1467 2142 1558 tempore
2165 1462 2208 1535 de
2228 1444 2232 1449 ⁴

608 1600 614 1618 ·
698 1601 768 1674 quo
789 1583 929 1676 egetur,
960 1586 995 1652 et
1018 1584 1120 1676 putat
1144 1584 1225 1652 ente
1248 1584 1394 1652 mortem
1416 1578 1499 1656 Iesu
1519 1580 1589 1670 τὴν
1609 1577 1799 1670 ἀλήθειαν
1823 1577 1892 1654 dici
1914 1579 2011 1653 Patri
2037 1580 2207 1678 propriam

697 1697 766 1771 vim
790 1698 1087 1772 transcendentem
1097 1729 1107 1786 ;
1124 1705 1208 1795 post
1228 1698 1310 1772 Iesu
1328 1705 1476 1773 mortem
1494 1697 1671 1798 discipulis
1689 1697 1833 1773 insitum
1855 1709 2004 1794 πνεῦμα
2025 1700 2208 1792 ἀληθείας

698 1817 768 1892 sive
793 1817 960 1916 Spiritum
983 1817 1025 1892 iis
1048 1818 1295 1900 immanentem
1320 1817 1567 1916 propriumque
1580 1804 1712 1904 ¹eorum
1728 1817 1824 1910 sitae
1844 1818 2073 1918 principium,
2104 1821 2207 1895 hace

697 1961 760 2011 sua
779 1944 897 2012 mente
917 1938 1034 2036 potius
1056 1963 1161 2036 quam
1184 1963 1204 2012 e
1227 1927 1398 2012 sententia
1421 1938 1504 2011 Iesu
1524 1936 1645 2012 iecisse
1667 1936 1860 2012 censendus
1880 1947 1943 2012 est.
1993 1939 2153 2037 Denique
2171 1949 2208 2015 et

572 2081 574 2086 ·
691 2056 826 2130 dubius
858 2056 975 2132 haeret
1007 2065 1125 2132 utrum
1156 2057 1249 2134 varia
1281 2058 1365 2132 haec
1396 2056 1533 2132 dicendi
1561 2057 1671 2131 iorma
1700 2082 1723 2132 a
1749 2057 1903 2132 Iohanne
1931 2058 2119 2155 repetenda
2142 2060 2205 2146 sit,

554 2257 556 2262 ¹
695 2201 740 2250 an
765 2199 844 2251 vero
867 2175 911 2250 ab
936 2177 1011 2275 ipso
1036 2178 1128 2252 Iesu.

742 2293 840 2369 Licet
873 2295 980 2394 igitur
1002 2295 1110 2370 'haud
1142 2321 1255 2396 pauca
1290 2298 1327 2371 in
1368 2297 1433 2374 hoe
1466 2321 1630 2396 responso
1662 2295 1901 2371 desiderentur
1921 2304 1958 2371 et
1978 2298 2096 2372 minus
2118 2299 2205 2374 bene

693 2421 909 2512 exponantur
943 2413 1048 2513 idque
1082 2415 1241 2490 universe
1270 2417 1320 2492 ita
1346 2419 1577 2518 compositum
1605 2417 1651 2492 sit
1674 2423 1715 2490 ut
1740 2415 1884 2515 scriptor
1906 2417 2117 2516 quaestionis
2134 2429 2205 2494 car-

692 2535 810 2609 dinem
829 2533 976 2610 sensisse
988 2535 1099 2634 magis
1112 2561 1217 2635 quem
1233 2537 1435 2635 exposuisse
1454 2537 1623 2612 dicendus
1643 2536 1708 2626 sit,
1724 2543 1842 2610 umen
1857 2544 1948 2612 recte
1960 2539 2205 2614 demonstravit

642 2659 646 2666 '
692 2661 728 2728 et
747 2653 822 2728 Ich.
844 2653 952 2728 XVII
971 2655 1182 2729 mentionem
1202 2679 1278 2730 esse
1297 2655 1448 2755 Spiritus
1470 2655 1587 2731 Sancti
1604 2665 1641 2730 et
1659 2657 1746 2754 Gap.
1761 2654 1987 2731 XIV-XVI
2001 2661 2047 2734 τὸ
2060 2669 2204 2755 πνεῦμα

691 2787 759 2866 τῆς
785 2773 971 2867 cindatos
992 2773 1087 2850 idem
1111 2799 1186 2872 esse
1209 2783 1316 2874 atque
1340 2774 1425 2874 Cap
1453 2773 1560 2849 XVII
1583 2779 1654 2868 τὴν
1674 2775 1874 2868 ἀληθειαν.

741 2895 912 2973 Quocirca
946 2893 1042 2969 Ordo
1072 2896 1288 2994 propositum
1316 2896 1504 2971 concedere
1530 2895 1723 2995 praemium
1748 2893 1780 2969 ei
1803 2920 1875 2971 non
1896 2897 2029 2997 potuit;
2054 2857 2201 2974 decrevit

689 3022 806 3092 tamen
829 3014 1056 3122 honorificum
1076 3014 1190 3089 laudis
1208 3015 1447 3092 testimonium
1469 3041 1502 3090 er
1491 3013 1654 3090 offerre.
1691 3016 1772 3094 Quo
1789 3015 1880 3091 iacto
1899 3015 1965 3092 hoc
1984 3017 2050 3092 sibi
2063 3027 2202 3118 gratum

539 3152 543 3159 ·
691 3132 844 3216 accidere
876 3140 996 3209 auctor
1020 3135 1139 3209 statim
1163 3135 1367 3226 decausis,
1332 3136 1574 3235 tsimulque
1596 3133 1755 3234 apparuit
1781 3161 1863 3210 eum
1886 3160 1963 3211 ease
1984 3134 2201 3214 Ηιιιιιιιιιιιιι

690 3254 902 3328 Gauranum
928 3252 1084 3344 chnu,
1110 3254 1264 3330 Theol'
1253 3280 1290 3329 ιιι
1315 3255 1503 3332 Academia
1527 3254 1753 3332 Ultraisctina
1776 3254 1876 3330 Stud

1736 3421 1783 3482 W.
1812 3419 2043 3496 MUUBLING,

1756 3523 1858 3584 Orati.
1868 3529 1890 3584 ι.
1898 3525 1932 3585 ab
1939 3525 2024 3584 actia.
