4892 6184
847 687 1123 756 ORATIO.
1706 687 1751 756 43

231 892 376 974 meritus
408 893 470 970 Ds.
494 892 726 968 Marrnrsnu
757 873 866 970 artem
896 893 1054 983 donarit3
1085 891 1293 992 excogitavit
1321 893 1380 968 ille
1412 891 1605 970 vincturam
1637 920 1749 996 gypso

232 1017 418 1117 liquefacto
448 1014 641 1102 imbutam,
671 1011 772 1087 cuius
795 1013 839 1100 de
861 1014 1072 1114 praestantia
1094 1035 1164 1088 non
1190 1013 1303 1088 solum
1325 1013 1362 1088 in
1389 1014 1500 1114 patria
1521 1022 1657 1104 nostra,
1688 1017 1751 1090 sed

231 1138 322 1212 inter
350 1159 470 1212 omnes
492 1133 625 1233 ubique
648 1132 817 1208 doctiores
843 1135 1012 1210 convenit.
1062 1135 1188 1234 Neque
1208 1134 1291 1209 inde
1317 1134 1361 1210 de
1387 1136 1654 1211 Murrnrsrnn
1676 1160 1748 1211 me·

168 1307 196 1338 .·
229 1257 296 1333 rito
328 1257 383 1331 vel
412 1255 590 1331 tantillum
613 1252 824 1344 detrahitur,
858 1256 953 1355 quod
988 1256 1039 1330 vir
1070 1254 1281 1330 clarissimus
1317 1255 1506 1332 Pmoaorr
1537 1255 1677 1331 laudem
1699 1256 1750 1331 illi

229 1375 384 1451 debitam
416 1376 484 1451 sibi
515 1383 661 1451 conatus
693 1383 746 1450 est
779 1376 951 1453 vindicare
963 1409 972 1466 ;
1008 1381 1126 1451 manet
1156 1377 1430 1450 Marrnrsnsro
1454 1375 1614 1451 inventae
1640 1401 1749 1452 novae

228 1496 371 1572 rationis
402 1496 497 1585 laus,
532 1517 637 1594 quam
661 1495 834 1570 immerito
850 1495 900 1570 illi
922 1496 1052 1594 eripere
1076 1494 1246 1570 annititur
1272 1492 1334 1592 qui
1357 1494 1438 1569 novi
1459 1494 1511 1569 nil
1534 1494 1747 1584 introduxit,

230 1615 292 1691 sad
315 1614 464 1689 mutavit
487 1614 749 1702 tantummodo,
775 1612 810 1687 in
837 1614 932 1712 quod
956 1615 1042 1688 alter
1065 1612 1158 1711 prior
1180 1612 1358 1689 inciderat.

276 1731 571 1810 Perlustrantibus
606 1755 707 1831 porro
740 1732 890 1829 reliquas
918 1732 1112 1832 chirurgiae
1145 1731 1342 1830 operativae
1376 1739 1491 1832 partes
1524 1733 1656 1808 nullam
1678 1734 1749 1808 fere

228 1879 302 1930 asse
328 1859 492 1954 apparet,
516 1851 603 1950 quin
627 1859 746 1927 nostra
768 1858 880 1927 aetate
903 1852 1100 1950 complura,
1125 1850 1357 1952 pulcherrima
1379 1852 1631 1951 utilissimaque
1650 1877 1750 1951 cepe·

226 1974 272 2048 rit
303 1974 524 2048 incrementa.
575 1975 676 2053 Quae
705 1972 843 2072 singula
869 1979 1015 2072 possunt
1036 1997 1113 2048 esse
1135 1972 1344 2048 documento
1369 1971 1434 2046 hoc
1465 1973 1649 2073 praecipue
1675 1971 1747 2047 chi·

226 2093 340 2193 surgis
364 2117 466 2168 curae
491 2117 566 2168 esse
588 2100 624 2168 et
648 2092 754 2180 cordi,
776 2102 838 2182 ut,
864 2100 1035 2192 quantum
1060 2092 1211 2167 maxime
1234 2091 1309 2166 fieri
1332 2091 1462 2192 possit,
1487 2091 1747 2168 vehementiori·

226 2215 309 2289 hus‘
328 2214 596 2313 sanguineisque
627 2213 771 2288 sanandi
798 2221 942 2311 parcant
973 2212 1166 2287 rationibus
1191 2220 1296 2311 atque
1324 2237 1462 2287 summo
1488 2237 1591 2312 opere
1613 2236 1749 2288 conser-

227 2357 307 2408 vare
339 2333 497 2408 nitantur
528 2332 622 2431 quod
657 2332 871 2431 amputando
906 2331 1053 2406 abiicere
1088 2339 1124 2405 et
1157 2332 1287 2406 delere·
1301 2332 1461 2430 religioni
1494 2332 1648 2419 ducunt,
1681 2333 1751 2407 nisi

228 2459 362 2528 servato
386 2450 573 2526 laborantis
595 2451 688 2525 salus
711 2451 747 2524 in
772 2450 955 2525 discrimen
976 2451 1085 2549 possit
1113 2450 1251 2525 adduci
1302 2452 1345 2524 In
1366 2451 1486 2551 primis
1502 2452 1674 2527 censenda
1694 2463 1749 2527 ast

226 2569 452 2667 lithotripsia,
491 2567 528 2642 in
562 2591 632 2664 que
668 2567 805 2642 culmen
840 2568 1088 2667 fastigiumque
1123 2569 1353 2667 conspicitur,
1392 2571 1439 2644 ad
1461 2571 1558 2669 quod
1581 2571 1746 2646 Francica

228 2690 355 2766 saeculi
386 2687 495 2762 nostri
527 2686 700 2786 chirurgia
730 2687 920 2762 adscendit.
970 2686 1095 2762 Paucis
1124 2709 1243 2762 recens
1266 2689 1407 2764 inventa
1430 2690 1570 2789 cognita
1589 2697 1625 2764 et
1651 2713 1746 2765 exer-

225 2811 294 2886 cita
315 2833 397 2885 mox
417 2831 603 2883 commune
626 2806 760 2884 bonum
782 2815 837 2882 est
859 2806 970 2896 iacta,
999 2807 1086 2882 adeo
1115 2814 1158 2882 ut
1179 2808 1314 2883 nemini
1336 2833 1477 2898 eorum,
1501 2809 1564 2908 qui
1589 2809 1627 2884 in
1651 2833 1764 2885 exer*

228 2931 338 3006 cenda
364 2935 438 3004 arte
459 2951 569 3004 manu
591 2927 737 3002 curandi
761 2927 850 3002 vitae
873 2928 1060 3002 stationem
1082 2934 1239 3028 ponunt,
1263 2927 1364 3004 liceat
1385 2953 1462 3004 esse
1480 2929 1608 3030 hospiti
1631 2931 1669 3004 in
1691 2955 1748 3021 eo,

225 3050 321 3150 qnod
353 3047 580 3148 lithctripsiae
604 3045 814 3126 encheiresin
838 3046 1098 3124 nominaverim.
1146 3047 1230 3123 Fert
1253 3054 1371 3123 umen
1392 3049 1504 3149 ipsius
1529 3051 1746 3142 minatum,

227 3177 270 3245 ut
294 3170 390 3247 haud
417 3169 467 3245 ita
490 3193 640 3269 magnus
666 3169 711 3245 sit
733 3169 973 3270 chirurgornm
994 3189 1182 3258 numerus,
1212 3169 1275 3267 qni
1300 3168 1405 3245 huius
1430 3169 1607 3246 faciendae
1629 3195 1749 3273 opera-

224 3290 334 3366 tionis·
353 3291 390 3365 in
416 3315 453 3365 se
478 3288 668 3389 suscipiant
690 3289 912 3391 provinciam.

275 3411 382 3491 Quod
405 3409 479 3486 dini
511 3409 722 3512 chirurgiam
754 3409 849 3486 hisce
883 3409 1099 3510 temporibus
1129 3433 1207 3485 eam
1239 3409 1306 3484 sibi
1336 3410 1513 3510 scripsisse
1537 3413 1671 3511 legem,
1704 3421 1746 3487 ut

224 3539 445 3608 conservatur
479 3532 575 3630 quod
611 3531 684 3607 sine
718 3530 906 3608 laborantis
945 3530 1153 3606 detrimento
1188 3529 1380 3605 conservari
1415 3538 1540 3626 queat,
1584 3553 1661 3604 eam
1697 3530 1747 3606 ita

224 3651 407 3751 praecipua
431 3651 593 3726 videbitis
618 3677 693 3726 esse
718 3653 957 3737 observatam,
975 3658 1017 3724 ut
1034 3649 1136 3724 auxie
1156 3649 1330 3722 evitentur
1354 3647 1589 3747 operationes,
1615 3649 1746 3747 quibus
1784 3700 1789 3711 ·

227 3770 376 3869 corporis
400 3777 516 3870 partes
528 3771 699 3858 delentur,
711 3770 880 3869 imprimis
891 3767 1156 3866 amputationes.
1191 3765 1277 3841 Dira
1298 3774 1352 3842 ast
1370 3793 1410 3843 ac
1427 3767 1551 3856 tristis,
1573 3768 1744 3867 adquam

225 3888 408 3990 chirurgus
439 3889 610 3978 defertur,
639 3878 846 3976 necessitas,
871 3895 912 3963 ut
933 3885 1042 3961 totius
1065 3885 1222 3962 servandi
1245 3885 1434 3986 organismi
1457 3886 1569 3987 gratia
1592 3885 1746 3987 aliquam

225 4007 301 4085 eius
337 4019 472 4108 partem
505 4009 724 4109 exstinguere
749 4014 908 4109 cogatur;
942 4006 1072 4081 invitus
1095 4006 1192 4106 grand
1214 4005 1421 4107 ingratoque
1448 4007 1560 4083 officio
1585 4007 1745 4109 fungitur

225 4130 320 4228 quod
362 4130 416 4204 rel
446 4129 659 4206 faustissime
693 4135 820 4205 eventu
859 4133 1039 4227 peractum
1062 4125 1237 4201 miseratio
1265 4126 1479 4228 insequitur,
1503 4127 1605 4227 inops
1632 4151 1744 4227 quum

225 4249 392 4349 conspicit
433 4249 620 4327 laborantis
664 4258 700 4326 et
743 4248 907 4324 mutilum
956 4270 1090 4347 corpus.
1154 4245 1252 4326 Quid
1294 4247 1422 4322 mirum
1461 4246 1588 4346 igitur,
1625 4251 1743 4346 quod,

224 4368 429 4469 priusquam
463 4367 602 4444 saulem
637 4377 673 4444 et
702 4368 957 4444 irrevocabilem
988 4365 1032 4442 de
1060 4365 1184 4442 vitiosa
1217 4366 1368 4466 corporis
1399 4374 1498 4465 parta
1532 4367 1740 4445 sententiam

224 4486 447 4587 pronuntiat,
482 4469 627 4563 sollicita
644 4488 887 4590 ,cucumspicit
919 4511 984 4564 uec
1018 4486 1131 4562 ullum
1162 4485 1406 4586 praetermittit
1446 4486 1742 4583 quantulumcun-

226 4631 295 4706 que
334 4607 542 4706 restigium,
578 4632 648 4708 qno
682 4616 815 4685 servata
846 4608 906 4684 illa
938 4613 1035 4708 parte
1068 4606 1106 4681 in
1130 4606 1253 4681 salutis
1287 4605 1379 4680 dam
1413 4602 1524 4706 possit
1558 4605 1741 4706 perveniri.

226 4724 334 4804 Quod
351 4726 408 4800 .fit
441 4726 616 4803 interdum
654 4737 785 4806 resecta
809 4737 907 4830 parts
934 4727 1050 4828 aliqua
1075 4725 1295 4802 fundamenti
1323 4725 1448 4802 osteini
1471 4724 1547 4801 eius
1571 4727 1741 4816 membri,

227 4843 321 4948 quod
356 4845 478 4924 morbo
510 4852 563 4924 eat
589 4847 764 4926 affectum.
815 4850 998 4950 Occupnnt
1027 4845 1228 4956 huiusmodi
1257 4846 1474 4948 operationes
1496 4845 1534 4921 in
1567 4843 1741 4948 chirurgia
1805 4895 1840 4958 '.

1457 4965 1503 5039 61
