4892 6184
690 673 754 746 186
1109 671 1143 740 C.
1178 667 1316 736 sunu
1348 665 1535 736 runnu
1568 664 1790 734 Olrhrro.

555 883 561 893 “
688 889 866 960 momento
900 841 1077 958 turbatam
1117 875 1246 966 luisse,
1292 874 1385 950 salva
1423 879 1529 973 atque
1565 874 1705 974 integra
1741 873 1934 950 edictorum
1977 872 2205 975 Rectorisque

687 1003 869 1104 Magnifiai
884 1000 1098 1079 auctoritate.
1133 998 1261 1072 Nonne
1279 995 1364 1071 haee
1382 1019 1472 1094 quae
1492 1018 1570 1071 vere
1590 994 1635 1068 de
1654 994 1837 1070 iuventute
1856 999 1976 1070 nostra
1997 993 2206 1072 Academica

687 1123 867 1224 praedico,
900 1121 945 1198 ad
979 1117 1180 1222 praecipuas
1210 1115 1363 1192 laetandi
1391 1136 1512 1192 causas
1535 1113 1756 1192 referendum
1775 1120 1850 1203 est,
1879 1114 2091 1190 Auditoreal
2117 1139 2205 1213 quae

685 1243 780 1318 huno
803 1241 898 1316 diem
922 1263 1000 1316 vere
1024 1240 1154 1316 festum
1178 1234 1279 1312 uobis
1301 1233 1476 1310 reddant?

574 1397 584 1408 1
617 1369 619 1374 '
733 1363 790 1438 Dc
812 1360 977 1438 subsidiis
1000 1356 1114 1434 brevia
1130 1380 1199 1434 ero.
1248 1355 1395 1446 Musca,
1420 1355 1533 1446 horti,
1553 1353 1782 1443 bibliotheca,
1804 1353 2064 1445 nosocomium,
2087 1355 2203 1454 physi-

684 1505 823 1571 corum,
866 1480 1120 1566 ohomiaorum,
1164 1474 1438 1575 chirurgicorum
1473 1482 1509 1552 et
1547 1473 1860 1577 physiologicorum
1892 1473 2205 1550 instrumentorum

684 1608 871 1702 apparatus
896 1623 1033 1678 summa
1058 1594 1238 1696 diligentia
1259 1602 1458 1672 conservata
1480 1600 1563 1670 sunt
1585 1602 1693 1694 atque
1713 1617 1778 1692 pro
1799 1590 1931 1669 viribus
1950 1600 2065 1670 aucta
2102 1595 2205 1669 Anno
2223 1645 2240 1676 ,

683 1721 851 1821 superiori
875 1727 982 1820 atque
1005 1717 1060 1794 his
1081 1716 1166 1816 ipsis
1188 1714 1314 1792 diebus
1332 1715 1529 1792 nosocomio
1548 1714 1679 1814 recepti
1697 1699 1781 1790 aaut
1796 1712 1900 1788 multi
1914 1712 2070 1790 cholerae
2083 1714 2205 1788 morbo
2327 1747 2333 1760 ·

648 1885 651 1892 ι
682 1840 810 1918 afflicti.
860 1841 905 1916 In
932 1863 1038 1916 usum
1066 1835 1262 1913 scholarum
1288 1835 1444 1934 quaeda
1467 1834 1651 1934 histologia
1674 1834 1867 1924 habentur,
1898 1842 2033 1911 emtum
2051 1841 2108 1910 est
2128 1837 2204 1934 pal·

681 1959 834 2036 marium
867 1956 1121 2038 Oberhaeuseri
1155 1933 1430 2055 microacopirim.
1487 1953 1729 2054 Phyaiologise
1760 1954 1932 2053 professor
1959 1953 2109 2030 declarat
2139 1979 2204 2054 per

682 2078 884 2154 continuam
914 2079 1122 2154 Curatorum
1146 2098 1267 2152 cruam
1291 2075 1356 2150 hoc
1378 2099 1519 2174 quoque
1539 2098 1631 2184 auno
1649 2073 1700 2150 ita
1720 2081 1822 2150 aucta
1848 2098 1925 2150 erse
1945 2072 2099 2148 subsidia
2123 2075 2202 2172 qui·

681 2199 750 2274 bus
777 2196 952 2296 indigeat,
981 2201 1023 2272 ut
1042 2218 1125 2270 mox
1148 2193 1194 2270 ad
1217 2201 1347 2270 rectam
1368 2193 1625 2271 iustitutionem
1647 2193 1835 2271 suffectura
1857 2193 1939 2269 siut.
1988 2193 2205 2270 Bibliotheca

681 2316 832 2416 denique
854 2338 937 2391 cum
956 2314 1033 2390 aliis
1057 2314 1157 2390 donis
1179 2312 1389 2414 locupletata
1411 2322 1484 2405 est,
1508 2315 1602 2390 iuter
1629 2303 1965 2414 quae'inreniuutur
1991 2337 2084 2412 quae
2104 2313 2203 2389 colle·

682 2459 806 2534 garum
847 2458 986 2535 quoque
1016 2432 1294 2512 benevolentiam
1328 2441 1435 2534 atque
1465 2435 1740 2512 munificentiam
1773 2435 1860 2512 adeo
1897 2441 2093 2536 tostautur,
2126 2440 2202 2508 tum

682 2555 875 2632 accessione
896 2554 1064 2632 librorum
1089 2554 1151 2654 qui
1173 2579 1284 2654 quum
1310 2556 1395 2632 olim
1421 2554 1468 2632 ad
1482 2557 1661 2654 privatam
1684 2554 1857 2632 societatis
1877 2553 1994 2652 regiae
2011 2535 2203 2629 commodis

683 2675 914 2774 agriculturae
944 2673 982 2750 in
1012 2673 1077 2751 hae
1108 2673 1250 2774 regione
1274 2676 1516 2776 promovendis
1541 2699 1648 2752 usum
1675 2674 1841 2752 destinati
1864 2681 1997 2762 esseut,
2021 2696 2117 2748 nuuc
2135 2697 2203 2770 pn·

683 2795 766 2870 blioi
793 2818 879 2872 usus
900 2793 983 2870 lacti
1004 2777 1087 2870 suut
1108 2793 1302 2893 eademque
1323 2802 1430 2895 atque
1454 2797 1578 2897 reliqui
1599 2795 1681 2874 libri
1706 2797 1794 2896 lege.
1843 2793 1941 2870 Talia
1962 2792 2063 2870 uobis
2087 2793 2202 2868 omui·
2317 2846 2324 2862 .

681 2917 750 2992 hus
764 2913 863 2991 vuldo
880 2921 963 2990 suut
975 2922 1134 3014 accepta:
1151 2915 1284 2990 nemini
1296 2923 1413 2993 autem
1428 2917 1540 3017 magis
1551 2941 1658 3016 quam
1668 2915 1753 3006 tibi,
1766 2913 2201 2991 amicissimelluscuunil

682 3034 744 3132 qui
777 3033 843 3110 hoo
871 3054 963 3110 anuo
998 3033 1043 3109 de
1074 3033 1283 3112 Academiae
1303 3034 1521 3115 Bibliotheca
1542 3037 1658 3113 denuo
1682 3034 1779 3112 haud
1805 3058 1878 3138 uno
1899 3032 2040 3110 nomine
2063 3032 2201 3132 egregie

681 3153 849 3230 mernisti.

728 3273 855 3372 Itaque
882 3273 1030 3372 peractis
1059 3295 1150 3372 quae
1182 3273 1270 3350 milri
1298 3275 1402 3354 hodie
1432 3276 1630 3378 peragenda
1662 3274 1890 3367 videbautm,
1927 3296 2049 3350 meum
2082 3278 2199 3347 tamm

678 3392 841 3468 Rectoris
861 3415 993 3468 munus
1014 3416 1085 3468 uon
1102 3399 1183 3468 ante
1203 3395 1242 3470 in
1260 3419 1492 3474 successorem
1511 3397 1684 3473 conferam
1702 3419 1810 3494 quam
1827 3394 1973 3470 Senatui
1989 3390 2198 3468 Academico

680 3513 826 3611 eiusque
858 3503 1026 3589 Actuurio
1062 3512 1201 3613 publice
1233 3516 1362 3614 gratiss
1396 3515 1529 3616 egerim
1558 3539 1621 3615 pro
1651 3513 1817 3614 praestita
1848 3513 1939 3589 mibi
1964 3509 2200 3597 humanitate,

679 3631 830 3721 auxilio,
864 3631 935 3708 fide
959 3639 1066 3730 atque
1088 3632 1324 3734 indulgentia,
1347 3660 1498 3736 quorum
1520 3635 1767 3712 beneficiorum
1793 3632 1997 3708 memoriam
2021 3654 2092 3706 nou
2118 3651 2199 3704 cum

679 3751 888 3848 magistratu
925 3749 1107 3849 deponam.
1157 3754 1270 3828 Tanta
1298 3753 1393 3830 euim
1421 3753 1564 3830 fuerunt
1594 3761 1636 3828 ut
1661 3774 1752 3828 novo
1783 3751 1926 3828 Rectori
1956 3749 2043 3826 nihil
2065 3746 2199 3824 felicius

680 3867 880 3966 contingere
914 3867 1003 3942 mihi
1036 3893 1138 3966 posse
1169 3870 1346 3961 videatur,
1381 3897 1487 3971 quam
1518 3873 1551 3948 si
1579 3871 1740 3948 eamdem
1768 3871 1964 3970 experiatm
1988 3868 2208 3967 colleganum

585 4067 588 4073 ,
664 3995 785 4086 ¹atque
817 3982 1052 4062 studiosorum
1082 3986 1357 4068 benevolentiam
1384 4015 1502 4090 quam·
1520 3991 1608 4068 mihi
1639 3988 1885 4090 praebuerunt.
1947 3987 2055 4070 Quod
2088 3987 2198 4085 igitur

678 4106 760 4182 felix
790 4107 945 4184 faustum
975 4105 1259 4207 fortunatumque
1286 4111 1333 4186 sit
1365 4111 1589 4188 Universilati
1616 4109 1882 4209 Grouingauae,
1914 4110 2038 4186 Virum
2069 4106 2196 4182 Claris-

679 4227 809 4304 simum
840 4225 965 4302 Iaruu
996 4225 1159 4304 Hrssruu
1188 4229 1349 4320 Isusrn,
1375 4230 1414 4306 iu
1440 4232 1620 4308 Ilaorrllate
1641 4230 1782 4306 Medica
1802 4229 2034 4306 Professorem
2057 4225 2195 4302 ordina·
2247 4268 2251 4273 ·

673 4345 790 4434 xrium,
825 4343 901 4421 eius
930 4345 1113 4422 Rectorem
1141 4345 1179 4420 iu
1212 4369 1345 4424 anuum
1375 4350 1573 4447 proximum
1593 4349 1754 4426 renuntio
1774 4375 1815 4426 ao
1835 4350 2020 4450 proclamo.
2072 4346 2195 4433 Salve,

676 4465 740 4540 Vir
773 4464 976 4564 magnificet
1011 4466 1070 4542 oui
1103 4465 1237 4566 primus
1268 4466 1362 4544 huuc
1386 4467 1551 4545 honorem
1571 4468 1736 4569 gratulor.
1778 4469 1868 4546 ribi
1889 4466 2027 4557 autem,
2051 4464 2195 4542 amatis·

679 4585 765 4662 sime
788 4585 905 4662 Deusl
931 4611 974 4662 ex
998 4588 1099 4664 euius
1118 4595 1209 4666 nutu
1227 4588 1344 4664 omnia
1367 4588 1540 4688 pendent,
1564 4589 1733 4687 adquam
1751 4590 1868 4667 omnia
1889 4586 2068 4668 referenda
2090 4593 2193 4671 sunt,

679 4705 919 4784 commendata
942 4705 988 4784 sit
1011 4714 1117 4807 atque
1141 4715 1280 4788 maneat
1302 4706 1339 4784 in
1362 4715 1571 4808 perpetuum
1592 4709 1800 4788 Academia!

1347 4897 1516 4927 ιιι-*ιυ-
