4892 6184
710 605 774 669 296
1302 605 1337 670 E.
1373 603 1401 669 J.
1438 603 1628 682 uleus,

710 807 892 884 succedere
923 807 1124 907 disciplinae
1154 815 1354 908 nequeunt;
1384 832 1510 908 nempe
1534 809 1665 884 litteras
1701 829 1795 895 csse,
1820 833 1840 882 e
1865 809 1994 906 quibus
2019 809 2223 888 institutioni

708 928 899 1004 iuventutis
919 951 963 1002 ex
986 951 1115 1028 magna
1133 935 1232 1026 parte
1252 929 1478 1004 fundamenta
1499 929 1570 1004 sint
1590 927 1842 1016 substruendo,
1864 935 1901 1002 et
1921 936 2085 1028 utrasque
2106 933 2221 1030 magni

710 1048 832 1148 pretii,
855 1045 918 1121 sed
942 1047 1029 1121 tales
1049 1047 1230 1146 antiquus,
1254 1056 1295 1123 ut
1319 1049 1361 1123 iis
1384 1047 1612 1124 recentiorum
1638 1047 1794 1122 studium
1820 1049 2010 1123 necessario
2038 1049 2223 1134 innitatur,

710 1194 781 1268 qua
800 1167 1019 1242 institutione
1037 1166 1172 1241 fruetur
1193 1191 1360 1243 uumerus
1384 1166 1479 1244 haud
1501 1167 1643 1268 quidem
1667 1167 1716 1242 itu
1736 1189 1905 1266 magnus,
1929 1191 1992 1242 nec
2015 1169 2111 1268 quod
2133 1169 2222 1242 dole·

709 1313 789 1364 mus
808 1312 928 1364 omnes
950 1287 1096 1377 utiliter,
1121 1287 1183 1362 sed
1205 1287 1307 1362 multi
1330 1295 1444 1362 tamen
1467 1295 1502 1364 et
1524 1287 1839 1388 praestantissimus
1859 1286 2027 1386 quisque,
2052 1287 2089 1360 id
2109 1295 2219 1362 oslen-

710 1409 827 1484 dimus
846 1429 959 1506 neque
982 1431 1120 1481 summa
1141 1415 1279 1482 tentum
1305 1406 1371 1482 levi
1395 1406 1536 1482 bruchio
1558 1429 1633 1480 esse
1658 1405 1891 1503 decerpendo,
1914 1429 1978 1480 nec
2002 1415 2116 1480 tamen
2140 1407 2222 1480 reoi-

710 1529 866 1604 dendum
900 1533 937 1602 et
967 1525 1174 1625 nugantium
1207 1525 1244 1600 in
1278 1525 1545 1614 minutioribus,
1581 1523 1642 1600 sed
1672 1533 1708 1598 et
1730 1523 1831 1612 baec,
1855 1531 1892 1600 et
1914 1525 2089 1623 quomodo
2111 1549 2221 1600 rerum

710 1649 852 1737 notitia,
887 1671 993 1746 quum
1027 1645 1141 1734 aiunt,
1174 1640 1256 1720 cum
1289 1643 1471 1721 verborum
1503 1643 1727 1744 explicatione
1756 1643 1940 1744 iungatur,
1965 1645 2010 1719 ab
2032 1647 2224 1744 argumenti

710 1776 835 1843 natura
862 1767 979 1841 minus
1008 1765 1158 1864 pendere
1187 1787 1339 1862 quama
1369 1763 1515 1862 singulis
1536 1763 1754 1852 doctoribus,
1780 1788 1868 1862 quos
1894 1764 2002 1864 igitur
2022 1789 2127 1864 quam
2149 1790 2221 1838 eru·

710 1887 900 1962 ditissirrms
928 1893 1100 1985 optamus.
1157 1884 1335 1972 Accessit,
1367 1883 1462 1982 quod
1494 1883 1578 1958 baec
1610 1883 1726 1959 studia
1756 1882 1946 1960 dixerimus
1977 1908 2049 1960 non
2075 1891 2223 1958 tanturn·

711 2007 815 2082 modo
837 2007 874 2080 id
895 2029 1036 2104 quoque
1060 2003 1211 2092 efficere,
1244 2011 1283 2078 ut
1306 2003 1374 2078 nisi
1396 2003 1441 2080 ad
1462 2003 1538 2103 ipsa
1559 2003 1712 2102 opificia,
1739 2002 1792 2076 vel
1811 2003 1994 2102 opificibus
2020 2013 2136 2079 teumn
2161 2006 2225 2078 nisi

710 2124 813 2224 plana
842 2123 997 2200 barbaris
1034 2147 1139 2198 usum
1162 2122 1315 2222 aliquem
1336 2121 1500 2211 afferent,
1534 2123 1596 2197 aad
1621 2123 1659 2197 id
1680 2147 1760 2222 prae
1781 2123 1923 2212 ceteris,
1958 2130 1998 2198 ut
2022 2122 2130 2223 possit
2153 2147 2225 2197 rere

677 2321 683 2332 ,
710 2243 848 2320 institui
871 2252 907 2320 et
929 2242 1102 2342 sapienter
1126 2243 1266 2318 aducsri
1291 2243 1440 2342 pueritia
1462 2243 1693 2342 inventusque
1720 2251 1858 2332 nostru,
1884 2251 1923 2318 ut
1945 2251 1982 2320 et
2004 2253 2058 2318 sat
2079 2244 2169 2330 cito,
2193 2253 2226 2316 et

712 2374 765 2443 sat
785 2366 874 2440 bene
897 2363 1006 2464 possit
1027 2361 1133 2437 vitem
1153 2362 1329 2438 inflectere
1349 2385 1627 2463 quaquaversus,
1651 2361 1792 2462 quodsi
1811 2361 1856 2438 ad
1876 2362 2086 2438 academiam
2107 2362 2224 2448 meist,

712 2495 747 2560 et
777 2485 823 2560 ad
847 2509 889 2560 ea
911 2483 1033 2559 saltem
1056 2481 1194 2570 studia,
1227 2505 1316 2580 quae
1336 2481 1578 2560 historicorum
1601 2482 1740 2558 nomine
1768 2509 1789 2558 a
1813 2483 1964 2583 physicis
1986 2483 2092 2560 modo
2116 2509 2222 2584 segre·

712 2605 811 2704 gavi,
844 2604 890 2680 ab
924 2602 1048 2678 iisdem
1078 2601 1173 2678 bisce
1204 2601 1328 2678 litteris
1360 2627 1461 2703 porro
1491 2604 1681 2692 ducentur,
1713 2612 1752 2680 ut
1780 2603 1869 2678 bene
1895 2603 2111 2702 intelligunt,
2141 2627 2222 2702 quae

711 2723 936 2824 intelligenda
958 2747 1040 2800 mon
1062 2723 1139 2798 aliis
1166 2723 1324 2812 cadent,
1350 2724 1404 2800 vel
1425 2749 1574 2824 quorum
1591 2723 1793 2800 auctoritate
1814 2746 1876 2821 per
1895 2722 2000 2798 vitem
2019 2731 2102 2798 sunt
2120 2723 2219 2800 usuri.

711 2843 855 2931 Adieci,
886 2867 956 2917 non
987 2843 1136 2918 nimium
1166 2867 1242 2920 esse
1264 2843 1472 2933 dolandam,
1496 2843 1636 2944 siquis
1663 2843 1751 2918 lorte
1774 2841 1913 2918 fortuna
1937 2841 2124 2917 frustulam
2146 2843 2217 2917 doc·

711 2961 822 3034 trinae
850 2961 1002 3058 aliquam
1032 2962 1201 3058 acceperit
1231 2987 1540 3060 supervacaneum,
1572 2987 1636 3038 uec
1664 2963 1694 3038 si
1719 2971 1756 3037 et
1778 2961 1882 3061 aequi
1906 2961 2016 3037 simus
2038 2970 2075 3036 et
2099 2963 2219 3062 cogite·

711 3103 793 3153 mus
812 3078 1007 3178 superiora,
1030 3099 1158 3176 negare
1180 3102 1245 3154 noa
1268 3105 1388 3180 posse,
1414 3081 1497 3156 baec
1522 3083 1644 3158 saltem
1664 3107 1808 3158 munera
1830 3089 1866 3158 ct
1885 3081 1996 3156 officia
2011 3082 2237 3183 antiquitatis

714 3196 831 3272 studio
853 3195 1019 3294 indigere.
1068 3195 1368 3276 adumbravimus
1387 3225 1509 3300 porro,
1542 3201 1622 3279 licet
1646 3201 1743 3278 valde
1767 3201 1968 3277 dubitanter
1991 3209 2028 3278 et
2048 3202 2119 3300 ipm
2144 3225 2218 3276 sau·

712 3315 867 3391 ctissima
896 3315 973 3390 luae
1006 3313 1077 3390 lere
1112 3318 1301 3408 occaecati,
1335 3319 1372 3394 in
1402 3345 1473 3421 quo
1495 3331 1701 3422 argumento
1721 3321 1913 3398 litterarum
1935 3321 2088 3397 studium
2111 3343 2216 3420 paene

713 3436 846 3535 absque
873 3434 1011 3510 aemulo
1040 3435 1219 3534 splendet,
1250 3445 1286 3512 et
1317 3449 1488 3539 quantum
1511 3465 1574 3540 per
1594 3441 1726 3517 debiles
1749 3441 1852 3518 bosca
1877 3441 2076 3518 mortalium
2096 3441 2219 3518 animos

713 3557 833 3643 liceat,
858 3556 955 3654 puris
979 3554 1092 3654 fulget
1116 3557 1242 3645 radiis,
1277 3558 1338 3634 sed
1360 3559 1397 3634 id
1421 3583 1441 3634 e
1466 3559 1656 3660 longinquo
1678 3561 1791 3660 magis
1816 3559 1979 3636 admirari
2002 3585 2111 3658 quam
2131 3585 2220 3660 prae·

715 3675 873 3749 sentibus
893 3698 1031 3749 cernere
1052 3676 1153 3750 nobis
1173 3677 1378 3752 detumeat.
1429 3677 1685 3779 Redarguimus
1708 3681 1830 3776 verbo,
1855 3681 2023 3780 denique,
2048 3690 2086 3757 et
2107 3681 2220 3756 horum

713 3792 928 3892 opinionem,
959 3794 1020 3892 qui
1047 3796 1197 3894 physicis
1219 3797 1473 3874 institutionem
1496 3799 1686 3898 disciplinis
1711 3801 1897 3879 sustanteri
1917 3825 2018 3902 posse
2038 3809 2218 3901 putentur,

716 3922 753 3985 et
775 3935 914 4000 eorum,
939 3913 1002 4010 qui
1022 3915 1076 3988 uel
1096 3939 1140 3988 en
1163 3916 1410 4008 recentioribus
1433 3918 1669 4008 sermonibus,
1695 3920 1748 3996 val
1769 3944 1788 3994 e
1810 3921 1940 4019 petrice
1961 3919 2066 3996 etium
2089 3921 2220 4020 linguae

715 4029 833 4106 studio
853 4055 954 4130 caepe
974 4031 1080 4107 nimis
1098 4034 1234 4108 erudito
1254 4043 1290 4110 et
1306 4060 1328 4111 a
1350 4037 1512 4136 primario
1528 4037 1597 4114 line
1615 4063 1734 4114 averso
1753 4039 1929 4115 materiem
1945 4048 2139 4139 quaerunt,
2157 4063 2221 4138 qus

713 4177 777 4251 per
803 4150 980 4250 integrum
997 4151 1069 4228 lere
1094 4153 1391 4252 quinquennium,
1411 4163 1549 4233 mntem
1570 4159 1663 4232 enim
1684 4159 1773 4236 vitae
1794 4158 1944 4258 spatium
1964 4159 2100 4258 agitur,
2116 4157 2170 4232 uel
2185 4167 2223 4231 ut

712 4271 817 4347 tacite
841 4271 1020 4371 postulant
1044 4272 1351 4350 audacissimorum
1376 4278 1594 4374 quorundam
1618 4277 1744 4377 placita
1766 4301 1829 4376 per
1850 4278 2000 4354 solidum
2020 4279 2224 4354 decennium

715 4391 963 4490 alantingenia
976 4393 1152 4469 iuvenum.
1179 4392 1286 4472 Quod
1300 4395 1361 4470 fiet
1375 4395 1562 4496 aliquando
1573 4397 1737 4488 lorsiten,
1753 4397 1819 4472 etsi
1830 4421 1943 4496 neque
1955 4398 1993 4472 id
2004 4423 2105 4498 spero
2115 4421 2225 4496 neque

714 4511 868 4587 multum
887 4511 971 4586 inde
993 4511 1152 4588 utilitatis
1172 4515 1369 4616 praesagio,
1383 4515 1445 4591 sed
1459 4517 1545 4592 dum
1560 4524 1651 4592 recte
1666 4517 1858 4608 cernimus,
1873 4542 2066 4618 numquam
2083 4519 2132 4594 sic
2146 4517 2223 4604 fret,

715 4640 756 4706 ut
776 4631 968 4732 praeclarae
991 4631 1077 4707 istae
1095 4630 1313 4732 antiquitatis
1334 4635 1499 4734 reliquiae
1518 4660 1587 4712 non
1609 4661 1691 4736 prae
1707 4637 1906 4736 vigentibus
1918 4639 2223 4740 praesentibusque

716 4751 928 4843 deserantur,
954 4751 1015 4827 sed
1038 4775 1120 4851 prae
1143 4751 1299 4830 barbaris
1324 4753 1534 4854 quibusdam
1556 4757 1739 4836 ruderibus
1761 4765 1797 4836 et
1822 4757 1929 4834 medii
1954 4757 2028 4836 aevi
2052 4760 2224 4836 cadauere.
