4892 6184
902 686 1180 755 onar10.
1741 691 1803 760 139

287 894 402 994 spiriis
426 894 603 994 appetenti
627 891 833 968 immineant
852 896 1013 993 pericula.
1063 896 1134 970 Hic
1158 894 1332 970 statimiu
1351 892 1468 967 oculos
1491 895 1644 971 incurrat
1665 922 1803 973 neccsse

287 1024 360 1102 est,
395 1038 466 1089 non
503 1014 617 1090 solum
649 1013 876 1089 iucunditatis
911 1017 972 1090 sed
1007 1016 1120 1091 multo
1156 1014 1268 1113 magis
1302 1037 1466 1111 magnae,
1504 1040 1610 1112 quam
1639 1017 1803 1106 afferant,

286 1134 447 1210 utilitatis
476 1159 598 1210 caussa
627 1133 710 1210 talia
741 1134 898 1233 exempla
932 1161 975 1210 err
1005 1134 1163 1210 Historia
1187 1158 1262 1209 esse
1286 1133 1444 1234 petenda.
1494 1133 1565 1210 Hic
1590 1137 1711 1212 eadem
1735 1137 1801 1212 Hi-

286 1254 391 1330 storia
409 1254 651 1353 praeceptricia
672 1261 777 1353 atque
797 1254 1033 1330 admouitricis
1057 1278 1241 1353 personam
1266 1276 1391 1353 agens,
1415 1254 1631 1345 adcunctos,
1656 1281 1805 1354 quorum
1914 1275 1923 1284 “

284 1401 355 1451 ιιοιι
387 1377 543 1451 occlusae
576 1378 647 1450 siat
680 1401 801 1464 aures,
836 1400 956 1451 rocem
985 1375 1124 1474 dirigit,
1155 1397 1285 1472 eosque
1312 1373 1488 1462 hortatur,
1514 1382 1555 1448 ut
1577 1374 1666 1449 berre
1692 1383 1802 1451 atten-

285 1498 390 1583 dant,
425 1495 571 1571 ubinam
607 1495 790 1596 ingenium
823 1496 1019 1571 humanum
1053 1497 1090 1568 in
1130 1497 1205 1568 Deo
1239 1493 1446 1590 Christoque
1478 1494 1620 1569 colendo
1653 1497 1805 1571 maxime

284 1614 509 1701 aberraverit3
542 1638 713 1712 quaenam
739 1619 833 1688 recta
857 1614 903 1686 sit
927 1612 1071 1706 semita,
1104 1612 1237 1710 inqua
1261 1613 1362 1685 firmo
1385 1619 1491 1712 atque
1517 1614 1690 1690 indefesso
1713 1617 1803 1716 pede

270 1742 362 1814 ,tuto
385 1733 430 1807 sit
455 1731 768 1832 progrediendum,
793 1731 880 1829 quid
902 1755 986 1804 cane
1013 1735 1120 1828 atque
1144 1755 1261 1829 angue
1284 1731 1382 1830 peius
1407 1730 1614 1831 fugiendum
1635 1734 1690 1809 sit.
1731 1735 1802 1809 Sed

283 1853 354 1926 iam
385 1876 443 1925 me
473 1852 659 1950 reprimam
682 1850 735 1924 ias
762 1848 880 1948 exigit.
931 1847 1133 1923 Verendum
1157 1850 1250 1925 enim
1273 1858 1383 1940 esset,
1408 1875 1452 1926 ne
1475 1854 1605 1951 positos
1626 1855 1707 1929 huic
1728 1881 1803 1932 ora·

282 1971 371 2044 tioni
396 1971 561 2045 terminos
583 1969 782 2068 egrederer,
808 1971 838 2044 si
863 1969 996 2044 diutius
1022 1970 1167 2067 singulis
1189 1971 1365 2048 immorari
1386 1974 1520 2049 vellem.
1571 1973 1727 2063 Videtis,
1750 1977 1803 2051 uti

283 2114 401 2189 spero,
435 2088 613 2165 Historiae
645 2089 904 2167 Ecclesiasticae
932 2089 1091 2164 studium
1120 2089 1167 2164 ad
1201 2091 1393 2167 doctrinam
1424 2118 1561 2168 morum
1583 2095 1672 2169 bene
1695 2096 1802 2196 expli·

282 2209 429 2285 caudam
463 2215 500 2282 et
527 2209 593 2282 rite
620 2208 871 2283 aestimandam
893 2233 968 2282 essa
998 2208 1286 2286 efficacissimum.
1337 2211 1472 2286 Videtis
1495 2221 1679 2311 utramque
1704 2213 1804 2288 disci-

283 2329 416 2428 plinam
444 2329 587 2403 alteram
620 2327 719 2402 alteri
741 2327 885 2402 mirifice
909 2327 1072 2425 prodesse
1096 2335 1201 2426 atque
1228 2328 1409 2428 opitulari,
1439 2331 1595 2429 adeoque
1620 2335 1802 2433 utriusque

284 2447 461 2536 studium,
496 2453 537 2520 ut
568 2446 708 2544 utrique
743 2471 829 2520 suus
860 2445 1035 2521 tribuatur
1067 2447 1176 2522 bonos
1206 2455 1243 2523 et
1272 2449 1407 2524 iustum
1432 2457 1605 2528 statuatur
1625 2455 1797 2551 pretium,

283 2573 376 2642 arcte
400 2591 475 2642 esse
498 2565 793 2665 coniungendum.

908 2809 1181 2827 Μ

244 3043 250 3052 ’
314 3045 401 3120 'Sed
434 3067 600 3144 quorsum
636 3041 803 3142 spectavit
831 3042 917 3117 haec
944 3046 1062 3116 nostra
1085 3042 1220 3118 oratio?
1245 3083 1295 3098 -·
1317 3041 1493 3124 Nimirum
1524 3071 1584 3136 eo,
1611 3050 1656 3122 A.
1681 3051 1734 3122 Al
1762 3059 1803 3124 ut

282 3165 389 3263 probe
415 3163 636 3264 intelligatis,
671 3163 760 3236 milri
793 3186 952 3261 quoque,
988 3189 1031 3238 ex
1065 3187 1143 3238 meo
1175 3162 1286 3262 ipsius
1307 3162 1458 3252 iudicio,
1490 3164 1579 3240 illud
1601 3167 1801 3244 incumbere

282 3285 452 3373 officium,
487 3293 530 3360 ut
565 3283 749 3380 utriusque
783 3281 892 3356 studii
931 3283 1142 3359 exercitandi
1182 3291 1287 3381 atque
1324 3283 1503 3358 excolendi
1540 3311 1656 3363 amore
1696 3297 1802 3388 atque

282 3406 402 3481 ardore
436 3404 595 3481 imbuam
631 3404 755 3478 horum
789 3429 956 3504 generosa
980 3407 1143 3480 iuvenum
1166 3413 1315 3502 pectora
1365 3404 1467 3493 Quod
1487 3405 1638 3480 officium
1662 3431 1702 3480 eo
1723 3432 1801 3481 san·

282 3525 372 3599 otius
401 3533 505 3623 atque
536 3524 713 3623 antiquius
747 3523 835 3598 mihi
863 3524 1020 3612 videtur,
1054 3549 1124 3622 quo
1153 3524 1267 3622 magis
1292 3522 1408 3598 animo
1434 3530 1470 3596 et
1492 3523 1699 3622 cogitatione
1723 3552 1801 3624 per-

283 3643 414 3742 pendo,
449 3644 535 3742 quid
564 3643 632 3718 sibi
662 3644 816 3742 requirat
847 3653 883 3718 ct
902 3644 1055 3742 postulet
1080 3645 1165 3717 haec
1188 3651 1306 3718 nostra
1331 3649 1435 3718 aetas.
1486 3641 1610 3717 Restat
1631 3645 1739 3742 igitur
1761 3655 1802 3721 ut

284 3762 496 3861 quibusnam
528 3764 573 3837 dc
608 3763 740 3839 caussis
774 3762 951 3837 Historiae
982 3761 1241 3837 Ecclesiasticus
1266 3769 1302 3837 et
1326 3761 1532 3860 Theologiae
1559 3762 1702 3838 Moralis
1728 3774 1800 3840 stu·

287 3881 386 3956 dium
410 3883 464 3956 hia
486 3886 629 3957 maaimc
652 3885 769 3958 dedra
792 3883 838 3956 sit
863 3881 1165 3982 coniungendam,
1190 3883 1309 3981 paucis
1333 3905 1514 3982 exponam.
1623 3911 1630 3922 ·

333 4120 436 4194 Hanc
470 4129 624 4197 nostram
657 4128 829 4210 aetatem,
864 4123 916 4196 uti
942 4123 980 4196 in
1007 4121 1152 4209 ceteris,
1182 4122 1232 4195 sic
1256 4146 1396 4220 quoque
1425 4123 1461 4195 in
1487 4123 1703 4222 Theologieis
1730 4125 1799 4198 dis·

283 4239 419 4337 ciplinis
456 4248 493 4314 et
525 4241 652 4323 studiis
674 4241 790 4318 felices
814 4248 919 4340 atque
945 4241 1099 4341 insignes
1124 4265 1326 4340 progressus
1348 4242 1470 4316 fecisse
1496 4266 1598 4316 nemo
1624 4241 1723 4317 facile
1746 4245 1799 4318 in·

283 4359 379 4432 licias
414 4358 489 4434 ibit.
538 4362 641 4451 Quod
674 4361 810 4461 siquis
843 4362 1037 4460 negaverit,
1073 4363 1167 4436 hunc
1189 4362 1306 4461 potius
1332 4384 1507 4436 morosum
1541 4363 1706 4461 temporis
1732 4366 1800 4439 acti

284 4478 521 4567 laudatorem,
559 4505 664 4578 quam
697 4507 849 4581 acquum
882 4484 1008 4557 horum
1035 4466 1234 4582 temporum
1261 4482 1412 4557 iudicem
1439 4481 1691 4582 appellaverim.
1743 4484 1799 4559 Ab

283 4595 390 4672 altera
418 4622 499 4672 vero
521 4609 618 4698 parte
645 4603 873 4678 concedamus
896 4610 1048 4702 oportet,
1079 4602 1227 4690 altioris,
1252 4625 1358 4700 quam
1378 4601 1500 4677 dicunt
1515 4598 1698 4701 Theologi,
1723 4602 1798 4676 Cri·

283 4715 368 4790 tices
390 4717 586 4802 ‚molimine
624 4721 754 4809 multa,
791 4747 880 4820 quae
910 4721 992 4797 olim
1021 4720 1066 4796 ab
1098 4720 1261 4797 omnibus
1293 4721 1376 4796 satis
1398 4722 1497 4796 firma
1523 4728 1559 4796 et
1591 4721 1726 4797 stabilia
1758 4749 1798 4798 ac

283 4859 422 4932 prorsus
442 4836 660 4916 indubitatae
684 4841 767 4916 fidei
794 4841 1014 4932 haberentur,
1040 4842 1127 4919 adeo
1155 4865 1230 4916 esse
1258 4866 1423 4920 concussa
1448 4851 1483 4915 et
1509 4841 1733 4934 labefactata,
1759 4854 1799 4918 ut

1459 4963 1532 5036 18·
