4892 6184
683 691 748 756 1⁷2
1231 688 1266 754 C.
1299 683 1438 752 STAR
1469 681 1656 760 dunas

683 897 788 975 modo
823 897 908 972 iuris
940 893 1108 970 naturam
1133 892 1379 992 explorandam
1413 916 1490 966 esse
1522 899 1677 967 censent.
1736 887 1811 976 Hi,
1843 893 1925 962 utut
1950 887 2103 962 multum
2140 869 2195 962 in·

684 1027 738 1093 ter
771 1041 809 1092 se
845 1014 1105 1102 dissentientes,
1139 1013 1176 1086 in
1207 1013 1297 1087 hanc
1325 1035 1433 1086 unam
1463 1009 1827 1111 interrogatiunculam
1845 1007 2066 1107 conspirant,
2089 1033 2195 1107 qnam

684 1161 796 1236 nuper
825 1137 1064 1221 Roscusaua,
1094 1130 1240 1230 scriptor
1269 1131 1315 1205 de
1343 1131 1543 1206 oeconomia
1566 1130 1706 1230 politica
1728 1128 1874 1226 eiusque
1903 1127 2048 1202 historia
2066 1129 2196 1226 optime

685 1255 849 1342 meritus,
882 1251 1095 1328 enunciavit:
1147 1251 1255 1342 rQuis
1283 1251 1428 1326 tandem
1458 1251 1698 1325 anctoritatem
1724 1247 1841 1323 adhuc
1868 1247 2023 1345 aliquam
2049 1247 2197 1320 fidemve

689 1373 843 1448 utribuat
870 1373 978 1447 veteri
1002 1372 1079 1460 isti,
1101 1371 1170 1447 ie.
1196 1370 1372 1459 obsoleto,
1396 1370 1465 1444 iuri
1485 1369 1687 1444 naturali?”
1724 1368 1801 1442 Nec
1812 1366 1925 1441 lenius
1937 1366 2197 1441 saneindicium
2229 1353 2237 1366 ’

687 1499 759 1582 est,
794 1492 890 1591 quod
919 1492 965 1568 de
996 1491 1197 1590 disciplinae
1231 1491 1317 1564 iuris
1353 1488 1521 1564 naturalis
1549 1488 1631 1563 fatis
1662 1487 1874 1562 Francorum
1906 1486 2029 1584 lingua
2055 1485 2199 1583 protulit

687 1613 750 1711 qui
768 1612 813 1688 ed
830 1611 1021 1712 principes,
1044 1635 1114 1685 non
1124 1611 1255 1710 patriae
1275 1618 1434 1698 tantum,
1447 1609 1698 1684 iureconsultos
1708 1606 1833 1680 merito
1843 1605 1990 1679 retertur
2002 1605 2198 1680 Anauros

688 1731 930 1806 Csrasanvns
944 1729 1125 1804 Honmns.
1179 1726 1465 1827 oReplicantibus
1484 1725 1629 1814 nobis''‚
1641 1726 1711 1800 hnc
1726 1726 1821 1800 enim
1831 1725 1907 1800 eius
1918 1724 2023 1800 verba
2034 1724 2199 1810 redeunt,

694 1849 893 1926 rhistoriam
915 1848 1204 1948 iurisprudentiae
1228 1854 1334 1944 atque
1351 1847 1585 1920 mutationum
1606 1869 1695 1943 quas
1717 1844 1783 1919 hcc
1803 1869 1874 1943 quc
1894 1843 2042 1918 vivimus
2063 1844 2200 1918 saeculo

692 1969 843 2059 csubiit,
869 1968 1091 2044 manifestum
1114 1975 1169 2042 est
1191 1965 1375 2042 nonnullas
1395 1965 1468 2040 imo
1492 1963 1622 2038 multas
1643 1963 1720 2038 eius
1743 1971 1859 2061 partes
1880 1963 2106 2038 amarioribus
2128 1971 2197 2036 tra-

693 2089 805 2164 nditas
835 2113 1054 2176 evanescere,
1087 2087 1255 2185 novisque
1284 2085 1463 2160 elementis
1492 2083 1671 2183 proprium
1698 2083 1814 2158 locum
1834 2089 1870 2157 et
1892 2082 1985 2157 viam
2004 2083 2198 2156 concedere.

542 2303 551 2318 ι
692 2211 789 2297 alte,
811 2216 852 2282 ut
869 2209 933 2282 hoc
952 2231 1062 2282 unum
1081 2205 1249 2294 excitem,
1274 2205 1444 2279 muralia
1460 2203 1521 2278 illa
1538 2229 1561 2284 a
1577 2205 1723 2277 Gaonro
1737 2203 2044 2278 etPurnrvuonrro
2064 2200 2202 2276 condita

691 2327 797 2402 vviuris
821 2327 963 2401 scientia
986 2327 1035 2402 sie
1060 2351 1182 2401 avers
1204 2325 1337 2400 ratione
1362 2324 1460 2423 lapsa
1480 2323 1618 2398 videtur
1636 2330 1677 2397 ut
1702 2322 1825 2398 eadem
1843 2323 1878 2396 ei
1902 2347 1976 2396 sors
2001 2321 2200 2408 immineat,

690 2471 818 2547 aquam
846 2447 1050 2546 astrologia,
1085 2445 1276 2544 alohymia,
1310 2444 1370 2520 alii
1402 2443 1507 2518 multi
1534 2443 1676 2519 cumeis
1707 2442 1814 2517 simul
1843 2451 1880 2515 et
1910 2442 1991 2515 vani
2022 2440 2202 2519 hominnm

691 2565 845 2666 ringenii
879 2575 1023 2642 conatus
1055 2563 1248 2641 subierunt.
1297 2564 1451 2661 Tempus
1486 2588 1529 2638 ea
1559 2563 1677 2638 omnia
1706 2562 1752 2637 ad
1778 2548 1988 2637 oblivionem
2015 2561 2201 2636 damnavit.

692 2683 847 2760 nPariter
875 2683 961 2758 iuris
994 2682 1161 2757 naturalis
1191 2681 1348 2756 doctrina
1383 2681 1496 2781 magis
1524 2681 1706 2780 magisque
1734 2681 1844 2781 perit,
1876 2681 2018 2779 aliaque'
2041 2679 2085 2752 dc
2117 2679 2204 2752 iuris

693 2810 839 2880 fructura
872 2801 1043 2876 sentiendi
1069 2801 1158 2876 ratio
1180 2800 1317 2876 aditum
1338 2800 1407 2876 sibi
1430 2801 1478 2876 ad
1500 2801 1691 2876 multorum
1716 2825 1817 2876 eures
1841 2799 2042 2897 animosque
2065 2799 2201 2896 parat.''

687 2923 797 2998 Mitto
836 2921 921 2996 ahos
962 2944 1107 2996 numero
1142 2921 1276 3021 plures:
1318 2921 1382 2996 sed
1420 2920 1594 2996 audienda
1627 2921 1826 2997 etiamnunc
1861 2921 2003 2996 Snsunr
2033 2943 2099 2992 vor
2127 2925 2202 3005 est,

546 3133 552 3156 l
690 3039 885 3142 philosophi
907 3039 1066 3114 amultis
1089 3041 1272 3130 contemti,
1296 3039 1434 3116 anullo
1456 3041 1719 3132 contemnendi,
1739 3065 1821 3116 eum
1843 3037 2109 3141 philosophandi
2129 3063 2202 3112 mo·

691 3162 777 3237 dum
801 3184 895 3235 nunc
917 3159 1073 3234 fatiscere
1091 3160 1286 3259 profitentis
1305 3184 1376 3258 quo
1395 3169 1431 3234 et
1450 3184 1567 3236 rerum
1585 3169 1712 3236 natura
1731 3169 1768 3236 et
1784 3160 1917 3237 indoles
1936 3160 2090 3234 humana
2102 3157 2202 3232 unice

691 3307 710 3356 c
740 3279 872 3356 rabone
904 3277 1054 3353 hominis
1083 3277 1289 3378 legibusque
1311 3285 1347 3352 et
1371 3279 1631 3356 definitionibus
1654 3280 1778 3379 logicis
1800 3279 1999 3354 deriventur
2020 3279 2203 3376 omniaque

690 3400 851 3475 instituta
880 3398 1017 3474 socialia
1050 3399 1096 3473 ad
1126 3407 1391 3498 praeconoeptes
1418 3399 1584 3476 formulas
1605 3409 1857 3500 componantur
1879 3408 1984 3498 etque
2009 3398 2200 3496 erigantur.

690 3520 760 3596 Hic
782 3519 874 3594 enim
896 3517 1021 3592 modus
1042 3525 1246 3617 perpetuam
1266 3541 1422 3617 pugnam
1445 3519 1552 3594 vitam
1574 3520 1788 3618 lateretque
1807 3517 2202 3619 imperiosae-doctrinae

643 3688 650 3702 κ
689 3639 862 3738 postulata
892 3636 1082 3735 excitavit„
1114 3636 1215 3711 Idem
1247 3645 1366 3712 autem
1399 3646 1539 3712 tantum
1564 3638 1663 3713 abest
1686 3646 1726 3714 nt
1752 3637 2003 3738 philosophiam
2025 3637 2201 3735 negligen-

691 3757 772 3834 dam
801 3755 1106 3855 improbandumve
1130 3757 1327 3846 existimet,
1358 3763 1400 3831 ut
1420 3758 1640 3853 vehementer
1664 3758 1778 3833 doleat
1802 3758 1907 3832 huius
1929 3756 2085 3831 studium
2109 3779 2202 3830 nune

692 3875 805 3950 ubivis
828 3875 898 3948 fere
921 3874 1041 3949 iacere
1054 3881 1272 3973 aetatemque
1291 3883 1461 3966 nostram,
1484 3885 1599 3975 spreta
1616 3876 1676 3953 illa
1695 3879 1853 3953 omnium
1869 3876 2082 3951 nobilissima
2100 3875 2200 3949 disci·

689 3994 803 4094 plina,
828 4017 886 4068 eas
909 3992 1059 4094 manime
1083 3993 1249 4069 honorare
1271 4003 1307 4068 et
1329 3995 1459 4083 colere,
1492 4021 1583 4094 quae
1606 3998 1838 4096 cognitionem
1860 4005 1896 4070 et
1922 3995 2099 4070 scientiam
2124 4019 2199 4092 per-

689 4120 879 4213 sequantur
911 4135 1029 4188 earnm
1063 4136 1177 4190 reram
1216 4138 1306 4212 quae
1340 4115 1441 4190 unice
1475 4126 1662 4216 appareant
1692 4127 1728 4192 et
1750 4122 1954 4204 cernantur,
1979 4137 2137 4212 quaeque
2162 4113 2199 4186 in

691 4233 789 4310 lactis
819 4232 951 4332 positae
980 4231 1035 4306 vel
1062 4231 1108 4306 ad
1136 4239 1245 4306 artem
1269 4231 1494 4310 scrutandam
1520 4259 1693 4333 usumque
1719 4234 1808 4308 vitae
1831 4233 2006 4330 vulgarem
2033 4238 2069 4302 et
2093 4253 2198 4326 qnae-

611 4442 617 4454 ,
690 4361 847 4428 stucsum
867 4350 1010 4426 idoneae
1032 4350 1222 4428 videantur.
1272 4353 1349 4442 Qua
1368 4354 1509 4452 quidem
1531 4353 1569 4427 in
1590 4379 1627 4428 re
1645 4379 1702 4428 me
1719 4354 1770 4427 ita
1792 4351 2052 4426 dissentientem
2069 4347 2197 4434 'hebet,

690 4483 731 4548 ut
766 4471 979 4559 existimem,
1014 4469 1107 4568 ipsas
1138 4471 1215 4546 illas
1249 4471 1421 4548 doctrinas
1447 4457 1706 4548 sublimioribus
1734 4471 1860 4546 studiis
1882 4477 2049 4569 perpetuo
2074 4467 2196 4542 nohili-

688 4591 811 4668 tandcs
843 4613 937 4678 esse,
968 4590 1064 4686 quud
1085 4590 1155 4664 veri
1176 4615 1295 4666 earum
1322 4591 1529 4689 professores
1552 4591 1663 4667 lacere
1690 4591 1819 4680 solent,
1853 4589 1916 4663 sed
1939 4597 2055 4662 tamen
2078 4586 2197 4659 florem

690 4717 725 4786 et
757 4710 890 4784 lruotns
923 4733 1011 4806 quos
1044 4711 1183 4810 pariunt
1217 4711 1347 4810 quique
1375 4711 1537 4786 immensi
1563 4719 1665 4802 sunt,
1686 4711 1911 4809 philosophae
1941 4707 2096 4782 methodo
2128 4728 2198 4801 qua

688 4835 938 4928 pertractantur
968 4835 1048 4904 ante
1069 4831 1185 4908 omnia
1211 4829 1347 4909 debere.
1398 4831 1523 4929 Itaque
1547 4855 1604 4905 me
1630 4830 1765 4922 iudice,
1797 4853 1917 4905 earum
1938 4824 2197 4924 disciplinarum
