4892 6184
730 636 772 734 m
1087 627 1092 632 ·
1334 635 1653 706 unumst

728 841 861 941 possit,
893 841 1085 943 intelligere
1112 819 1350 932 studeremus,
1384 845 1446 918 sed
1469 843 1661 920 cavendnm
1684 845 1757 926 est,
1789 861 1834 912 ne
1857 836 1903 912 ad
1927 835 2097 924 eiusmodi
2116 825 2250 910 intelle*

730 969 829 1036 ctum
854 961 1257 1062 apapermenus,
1283 961 1319 1034 dt
1340 962 1425 1038 alios
1450 964 1639 1050 ducamus,
1663 983 1734 1058 quo
1754 959 1871 1058 ipsum
1894 955 1977 1030 fidei
1999 955 2174 1028 obiectum
2196 979 2247 1029 rc*

730 1083 884 1170 iiciatur,
917 1082 1073 1180 fidesque
1099 1107 1176 1156 vera
1202 1089 1392 1156 evanescat.
1444 1085 1546 1161 Quae
1570 1081 1616 1157 ad
1642 1079 1790 1154 salutem
1817 1077 1907 1152 scitu
1930 1074 2122 1150 necessaria
2148 1082 2247 1160 sunt,

730 1224 801 1274 non
821 1223 910 1287 uno,
945 1199 1007 1272 sed
1027 1199 1187 1297 plurimis
1207 1198 1326 1285 locis,
1344 1223 1458 1298 neque
1483 1200 1647 1288 obscure,
1679 1205 1741 1274 aut
1764 1197 1894 1286 dubie,
1919 1195 1980 1270 sed
2004 1201 2122 1294 aperte
2146 1202 2249 1292 atque

732 1318 882 1392 dilucide
914 1319 951 1392 in
973 1318 1010 1392 S.
1041 1317 1170 1392 Codice
1192 1317 1371 1394 docentur.
1421 1318 1497 1394 Nec
1519 1318 1715 1394 timendum
1739 1325 1812 1406 est,
1847 1341 1912 1405 ne,
1944 1315 2115 1402 admissa,
2145 1338 2247 1410 quam

731 1463 1013 1538 propugnamus,
1045 1438 1237 1526 sententia,
1270 1440 1393 1515 veritas
1419 1439 1496 1539 ipsa
1522 1439 1720 1514 detrimenti
1751 1437 1838 1536 quid
1870 1435 1915 1510 sit
1943 1441 2095 1534 captura.
2146 1433 2248 1510 Quod

734 1583 812 1632 vere
836 1559 970 1634 dictum
995 1558 1096 1632 sitin
1121 1558 1218 1633 libris
1243 1559 1370 1634 nostris
1394 1559 1610 1658 symbolicis,
1636 1582 1699 1658 pro
1713 1579 1798 1632 sero
1818 1562 2034 1656 agnoscetur.
2084 1553 2177 1628 Nam
2195 1577 2247 1626 ve·

732 1679 829 1753 rituti
850 1687 956 1778 atque
981 1679 1069 1754 adeo
1086 1678 1275 1777 Evangelio
1300 1679 1457 1754 Onnrsrr
1478 1704 1548 1755 non
1572 1679 1640 1754 nisi
1660 1703 1722 1778 pro
1745 1684 1900 1776 tempore
1921 1673 2109 1750 contradici
2129 1679 2246 1770 potest.
2379 1761 2380 1772 ἵ

711 1798 870 1897 -lndiget
892 1799 996 1873 homo
1021 1824 1083 1922 ea,
1108 1824 1219 1897 quam,
1237 1800 1272 1873 S.
1298 1799 1474 1900 Scriptura
1498 1799 1678 1875 manifeste
1704 1796 1887 1872 nobiscnm
1910 1793 2160 1888 communicat,
2191 1793 2247 1865 dc·

734 1921 866 2008 ctrina,
899 1945 1027 2018 quum,
1061 1929 1280 2019 peccatorum
1309 1947 1451 1997 snorum
1480 1922 1547 1996 sibi
1569 1919 1726 1996 conscius
1747 1919 1880 2005 lutus,
1913 1917 1958 1992 ab
1983 1915 2121 1990 illorum
2144 1938 2246 2012 poena

735 2049 771 2114 et
798 2040 980 2116 dominatu
1007 2041 1144 2115 liberari
1166 2039 1294 2139 cupiat.
1347 2040 1450 2115 Unde
1475 2067 1564 2141 quae
1590 2047 1671 2116 ante
1695 2039 1827 2137 aliquot
1852 2061 1961 2112 annos
1990 2043 2168 2133 tamquam
2191 2033 2247 2106 ob-

736 2158 844 2232 soleta
872 2167 909 2231 et
939 2157 1025 2232 falsa
1056 2157 1181 2232 reiecta
1212 2156 1373 2243 fuerunt,
1409 2182 1503 2232 nunc
1524 2157 1672 2246 iterum,
1696 2164 1787 2232 certe
1811 2182 1873 2256 pro
1901 2161 2018 2256 perte,
2051 2162 2092 2228 ut
2113 2177 2189 2227 vera
2213 2179 2247 2228 ac

735 2276 913 2374 probanda
934 2284 1172 2374 agnoscuntur
1190 2277 1269 2368 ¹⁴⁴).
1321 2276 1416 2350 Solet
1439 2283 1557 2352 autem
1577 2276 1759 2376 ingenium
1783 2276 1976 2350 humanum
1998 2274 2042 2348 ab
2066 2273 2172 2347 altero
2195 2297 2246 2346 cr·

627 2496 630 2501 ⁴
734 2405 845 2470 tremo
864 2396 902 2468 in
926 2397 1073 2471 alterum
1092 2395 1202 2483 ferri,
1218 2396 1328 2472 donec
1350 2397 1493 2472 tandem
1514 2396 1711 2484 veritatem,
1735 2395 1781 2470 ab
1802 2395 1898 2470 omni
1918 2401 2015 2492 parte
2038 2399 2248 2490 conspectam

735 2522 839 2613 atque
860 2516 1070 2614 expositam,
1102 2515 1341 2614 amplectatur.
1392 2517 1647 2591 Reformatorcs
1673 2540 1703 2592 e.
1718 2541 1747 2590 c.
1771 2523 1914 2589 naturae
1939 2514 2111 2606 humanae
2135 2511 2248 2609 depra-

736 2635 907 2709 vationem
940 2633 1143 2732 pracsertim
1179 2635 1372 2732 urgebant,
1408 2635 1612 2710 recentiores
1639 2635 1799 2710 nonnulli
1819 2634 1987 2733 Theologi
2012 2631 2249 2732 praestantiam

736 2754 812 2826 eius
847 2755 884 2826 in
915 2751 1036 2850 primis
1067 2752 1247 2827 extollunt.
1298 2754 1356 2827 llli
1390 2755 1426 2828 in
1463 2763 1572 2829 morte
1606 2755 1763 2830 Cnarsnr
1799 2754 1941 2829 salutari
1972 2750 2183 2826 sanctitatem
2214 2760 2248 2822 et

736 2873 906 2946 iustitiam
942 2874 1010 2947 Dei
1040 2873 1242 2970 praesertim
1273 2874 1524 2974 suspiciebant;
1560 2875 1598 2948 hi
1619 2899 1772 2950 amorem
1798 2883 1833 2948 et
1853 2872 2126 2948 benevolentiam
2149 2871 2247 2956 Eius,

739 2993 770 3066 si
791 2992 1003 3080 non'unicc,
1035 3001 1128 3066 certe
1157 2993 1196 3066 in'
1223 2993 1344 3093 primis
1368 2994 1656 3070 animadvertunt.
1707 2995 1777 3068 lllis
1804 2992 2032 3091 Evangelium
2057 2989 2247 3089 praesertim

738 3112 979 3186 consolationis
1001 3111 1178 3210 animique
1197 3113 1455 3210 tranquillitatis
1476 3113 1554 3188 fons
1576 3124 1669 3201 erat;
1705 3114 1759 3188 his
1783 3113 1873 3188 viam
1897 3119 2087 3198 monstrat,
2121 3133 2189 3207 qua
2210 3107 2249 3182 ad

737 3230 806 3304 Dei
830 3230 1090 3306 similitudinem
1115 3257 1297 3330 ueramque
1320 3233 1427 3307 animi
1450 3234 1553 3308 vitam
1573 3233 1801 3332 perveniatur.
1841 3233 1898 3308 Sic
1920 3233 1991 3307 itur
2013 3231 2058 3306 ad
2070 3229 2249 3328 pleniorem

738 3351 891 3424 veritatis
910 3350 1142 3450 cognitionem
1164 3351 1309 3450 eiusque
1330 3353 1542 3451 agnitionem
1567 3353 1775 3429 interiorem.
1825 3353 2008 3429 Tolerandi
2027 3351 2157 3450 igitur,
2188 3350 2250 3421 imo

737 3470 901 3546 audiendi
929 3481 1031 3558 sunt,
1066 3471 1128 3568 qui
1159 3471 1301 3546 alteram
1334 3473 1408 3546 eius
1433 3482 1566 3572 partem
1588 3475 1712 3550 clarius
1734 3482 1928 3572 exponant,
1962 3471 2043 3546 licet
2069 3469 2249 3544 dolendum

739 3589 842 3663 simul
875 3591 938 3679 sit,
973 3591 1115 3664 alteram
1147 3591 1192 3666 ab
1225 3592 1270 3664 iis
1301 3592 1453 3691 negligi,
1488 3595 1541 3668 vel
1570 3594 1675 3670 etiarn
1701 3595 1908 3694 impugnari:
1960 3591 2019 3666 Ab
2051 3611 2253 3687 unoquoque

740 3709 869 3782 discere
890 3709 976 3782 velle
999 3734 1063 3782 nos
1085 3718 1239 3806 oportet,
1265 3721 1370 3810 atque
1393 3713 1488 3788 inid
1511 3713 1733 3804 incumbere,
1759 3723 1799 3790 ut
1822 3721 1936 3789 totum
1961 3711 2045 3786 fidei
2063 3709 2251 3794 obiectum,

741 3827 845 3899 sicuti
869 3826 954 3899 latet
975 3827 1013 3900 in
1038 3827 1083 3900 V.
1103 3829 1143 3900 F.
1169 3837 1274 3926 atque
1300 3833 1336 3903 in
1359 3833 1458 3906 Novo
1482 3841 1596 3933 patet,
1622 3843 1698 3908 tum
1722 3835 1769 3909 ad
1792 3841 1945 3909 nostram
1970 3829 2251 3912 consolationem,

742 3953 820 4018 tum
856 3946 901 4019 ad
932 3945 1205 4022 emendationem
1242 3949 1378 4040 valens,
1412 3977 1681 4052 cognoscamus,
1716 3953 1968 4053 intelligamus,
1998 3949 2252 4050 amplectamur.
2379 3973 2380 3990 ι

743 4063 850 4140 Quod
872 4072 913 4138 ut
931 4081 1175 4162 assequamur,
1199 4067 1406 4142 alteralteri
1433 4072 1545 4147 lucem
1566 4071 1685 4165 afferat
1708 4082 1744 4146 et
1766 4074 1973 4172 opituletur;
1998 4072 2085 4146 alter
2110 4067 2252 4142 alterum

741 4183 850 4257 amice
875 4184 1214 4283 admoneat„neque
1235 4187 1326 4262 ullus
1347 4189 1391 4264 sit
1409 4190 1567 4289 proclivis
1585 4193 1631 4267 ad
1647 4192 1787 4268 fratrem
1810 4219 1913 4268 suum
1934 4187 2254 4271 condemnandum,
2379 4239 2380 4244 ,

741 4303 1001 4378 recordantibus
1025 4313 1061 4379 et
1085 4306 1319 4405 cogitantibus
1341 4309 1507 4409 singulis,
1531 4337 1612 4400 nos,
1638 4313 1807 4411 quamdiu
1831 4314 1885 4388 his
1908 4311 2064 4388 interris
2087 4307 2255 4390 camus,

606 4443 613 4456 ·
742 4445 784 4494 ex
819 4432 916 4522 parte
948 4431 1085 4524 tantum
1108 4448 1333 4524 cognoscere,
1368 4457 1408 4506 ac
1443 4432 1549 4507 veluti
1580 4431 1634 4510 δι’
1662 4437 1845 4534 ἐσόπτρου
1874 4435 1916 4509 ἐν
1943 4432 2155 4530 αἰνίγματι
2186 4449 2255 4500 cer·

740 4564 821 4614 nere
843 4545 921 4634 146).
970 4544 1067 4618 Haec
1097 4545 1198 4621 unica
1222 4547 1277 4623 via
1303 4559 1374 4638 est,
1405 4575 1483 4626 meo
1509 4553 1651 4650 quidem
1677 4553 1824 4643 iudicio,
1857 4579 1928 4652 qua
1949 4558 2147 4651 praesentes
2174 4547 2251 4620 lites

742 4662 901 4757 componi
932 4664 1084 4762 possint,
1117 4671 1153 4738 et
1180 4666 1331 4742 veritatis
1356 4691 1504 4766 regnum
1528 4669 1565 4742 in
1591 4671 1660 4746 Dei
1682 4672 1908 4771 Orra1sr1qne
1928 4671 2116 4756 honorem,
2153 4673 2259 4762 atque
2379 4669 2380 4728 l

742 4779 914 4860 Fcelesiae
939 4784 1211 4860 emolumentum
1237 4785 1382 4864 stabiliri
1408 4796 1443 4862 et
1466 4790 1676 4890 amplificari.
