4892 6184
696 624 764 693 m
1301 628 1337 695 E.
1369 628 1398 693 1.
1433 628 1619 707 stunt,

697 834 833 913 ιιιὶιιιιιιι
857 832 1045 933 aliquando
1068 832 1396 909 bunccehominem
1419 834 1587 911 habeatis
1636 834 1775 911 Deinde
1797 834 1828 907 si
1853 834 2210 933 qnideatinerudi·

696 956 791 1031 tione
822 952 988 1029 hodierna
1020 952 1257 1041 laudandum,
1290 953 1329 1027 id
1359 954 1398 1029 in
1431 954 1677 1029 minutioribus
1700 954 1772 1029 iam
1797 954 1958 1055 mpituhs
1980 964 2155 1046 vanem,
2177 970 2211 1035 et

696 1072 919 1151 interioribus
948 1071 1125 1149 dodonae
1157 1072 1372 1161 msam,
1406 1074 1500 1149 unde
1525 1074 1683 1174 quotidie
1706 1076 1838 1149 summi
1859 1076 1925 1149 viri
1946 1086 2094 1165 eruunt,
2119 1080 2211 1176 quod

694 1192 815 1295 paucis
846 1192 902 1269 hie
934 1192 1035 1269 annis
1061 1192 1279 1293 superficiem
1304 1193 1398 1269 orbis
1421 1202 1592 1269 terrarum
1616 1194 1688 1269 iere
1715 1193 1875 1271 mutarit
1925 1197 2017 1274 Quis
2038 1196 2095 1271 hio
2118 1198 2211 1273 loona

695 1311 914 1413 systemuis,
949 1322 986 1389 et
1017 1312 1291 1390 umbraticorum
1323 1313 1512 1412 proeliolir,
1544 1322 1581 1387 et
1611 1313 1799 1389 aebemab's
1822 1314 1997 1389 doeoime
2019 1316 2211 1414 cuiuspiam

695 1432 920 1521 universalis,
956 1457 1062 1532 quam
1099 1434 1258 1533 proxima
1294 1434 1402 1520 torte,
1435 1442 1474 1507 et
1499 1434 1613 1509 viduo
1646 1428 1825 1507 Chremeti
1855 1434 2036 1509 nufissima
2060 1434 2209 1534 tugiunt.

692 1554 769 1631 Nec
803 1554 835 1629 si
863 1554 1063 1653 ceteroquin
1095 1554 1140 1629 iis
1166 1553 1264 1629 locus
1286 1562 1399 1643 esset,
1422 1554 1459 1628 in
1483 1553 1579 1629 hunc
1598 1560 1758 1628 nochum
1781 1561 1990 1629 conventum
2011 1554 2126 1629 forent
2151 1556 2210 1629 ad·

693 1673 877 1751 mittenda.
929 1674 1012 1749 Non
1045 1674 1140 1749 enim
1175 1674 1353 1749 recondita
1386 1674 1542 1762 tradam,
1577 1682 1640 1749 ant
1669 1698 1712 1749 ea
1740 1672 1978 1771 investigabo,
2012 1674 2051 1747 in
2084 1675 2210 1773 quihus

692 1794 797 1871 hodie
835 1794 951 1894 apices
985 1794 1162 1871 doctrinae
1195 1794 1434 1883 inveniantur,
1468 1794 1532 1869 sed
1554 1792 1798 1869 humihon'hus
1821 1792 1976 1867 contenti
1999 1792 2117 1867 minus
2142 1795 2209 1869 alta

696 1920 870 2013 mamus
920 1913 1097 1991 Fremeret
1116 1912 1402 2013 indignabunda,
1430 1910 1551 2002 medo,
1579 1912 1772 1987 litterarum
1797 1912 1999 2012 disciplina,
2022 1913 2053 1987 si
2074 1924 2208 1989 tantum

574 2022 586 2043 ⁹
692 2033 781 2109 mihi
805 2056 1000 2122 sumerem,
1031 2058 1136 2109 nemo
1159 2034 1266 2132 puolo
1285 2032 1427 2133 peritior
1448 2032 1535 2107 adeo
1560 2032 1722 2107 insanum
1745 2056 1802 2107 me
1822 2031 2065 2121 arbibabitur,
2099 2033 2207 2109 omni·

692 2152 760 2227 bns
788 2160 925 2251 praeter
957 2176 1076 2227 caecos
1109 2161 1146 2227 et
1170 2153 1296 2229 surdos
1319 2152 1370 2227 nil
1393 2153 1505 2251 magis
1523 2151 1745 2251 penpmuum
1764 2176 1839 2225 esse
1864 2160 1998 2251 potest,
2026 2178 2132 2251 quam
2158 2178 2206 2229 ar·

694 2278 943 2371 gumeutornm
979 2271 1207 2347 multitudine
1238 2272 1447 2373 impeditum
1479 2272 1620 2372 inipso
1641 2270 1841 2370 disciplinae
1862 2272 1949 2347 abio
1968 2296 2027 2347 me
2048 2274 2206 2361 retineri,

694 2390 817 2467 eadem
858 2390 992 2467 ratione
1028 2416 1099 2490 qua
1117 2392 1292 2469 Pnsnnm
1321 2392 1410 2468 illud
1432 2398 1628 2467 monstrum
1654 2392 1808 2490 capitum
1836 2389 2070 2479 abundantia,
2101 2392 2208 2467 iucem

692 2514 774 2587 ante
792 2511 937 2587 'ostium
973 2510 1202 2612 philologiae,
1234 2531 1325 2611 quae
1346 2511 1392 2588 ab
1412 2510 1544 2587 intirms
1564 2534 1623 2586 me
1642 2510 1836 2587 messibus
1859 2512 2037 2587 exclusum
2059 2512 2108 2589 ad
2129 2537 2207 2587 exo

691 2630 816 2707 tericos
847 2630 978 2722 reiicit,
1008 2654 1124 2731 neque
1148 2656 1191 2707 eo
1212 2656 1285 2707 uno
1305 2632 1467 2722 numine,
1496 2630 1633 2707 etiamsi
1653 2640 1830 2731 praeterea
1850 2631 1941 2729 quid
1964 2632 2115 2720 valeam,
2145 2634 2206 2707 sci·

691 2754 805 2831 entiae
836 2752 1027 2853 imaginem
1060 2752 1130 2827 nisi
1158 2752 1322 2829 dducam
1344 2759 1407 2829 ant
1430 2750 1589 2827 mihimet
1608 2750 1684 2853 ipse
1706 2750 1910 2840 informare,
1941 2760 2005 2827 aut
2029 2752 2206 2852 discipulis

741 2992 841 3070 Haec
870 3014 951 3068 vero
982 3015 1046 3092 pro
1069 2992 1210 3091 querela
1234 3014 1279 3067 oe
1303 2990 1505 3068 habeantur.
1555 2990 1663 3081 Dico,
1696 3014 1787 3091 quae
1812 2991 1987 3067 verissime
2014 3016 2091 3067 csse
2117 2991 2204 3067 arbi-

691 3122 783 3202 tror,
817 3134 930 3213 caque
960 3108 1180 3187 auditoribus
1213 3132 1368 3209 propono
1399 3108 1531 3185 ratione
1560 3134 1666 3209 quam
1695 3111 1960 3187 accuratissima.
2011 3112 2132 3185 Unum
2153 3122 2205 3185 est

691 3232 787 3333 quod
822 3230 935 3320 volui,
970 3230 1136 3307 nimirum
1173 3254 1258 3309 aevo
1291 3236 1410 3305 ncstm
1440 3255 1462 3305 a
1489 3230 1586 3305 nullo
1615 3230 1686 3305 iam
1718 3230 1857 3307 homine
1882 3232 2011 3331 requiri
2032 3230 2206 3307 doemnae
2246 3249 2253 3261 ·

694 3376 780 3429 snae
800 3351 1051 3452 expositionem
1072 3352 1110 3426 in
1133 3338 1287 3428 oratione
1311 3348 1525 3449 inaugurali,
1549 3372 1613 3425 neo
1637 3350 1741 3425 aivel
1764 3376 1785 3425 a
1808 3352 1928 3427 multia
1955 3351 2203 3451 postularetur,

690 3471 778 3549 mihi
796 3479 914 3549 tamen
940 3494 1018 3547 eam
1036 3470 1258 3561 incumbere,
1290 3470 1451 3570 quoniam
1482 3492 1553 3545 non
1577 3494 1748 3571 exponam
1771 3470 1840 3546 nisi
1863 3496 1920 3560 ea,
1954 3495 2046 3569 quae
2069 3470 2204 3569 singula

691 3594 762 3669 iam
784 3588 965 3692 plurimis,
989 3600 1026 3667 et
1049 3615 1166 3667 vereor
1189 3592 1292 3692 longe
1314 3591 1460 3681 melius,
1484 3590 1619 3667 dudum
1642 3592 1833 3667 innotuere.

740 3712 909 3787 Attamen
936 3718 977 3785 ιιι
996 3734 1111 3811 neque
1137 3712 1213 3812 ipae
1233 3711 1388 3813 negabo,
1417 3712 1530 3787 inesse
1552 3712 1684 3811 aliquid
1705 3708 1903 3809 argumenti
1926 3708 2009 3785 huic
2030 3709 2202 3808 opinioni,

691 3852 799 3929 quam
823 3854 867 3904 ex
887 3830 1016 3939 maiore
1036 3838 1135 3931 parte
1157 3832 1262 3907 modo
1285 3832 1501 3933 oppugnavi,
1527 3840 1568 3907 ut
1586 3830 1811 3907 hbentissime
1832 3828 2039 3917 concedam,
2063 3829 2204 3929 aliquod

690 3958 808 4025 tamen
841 3949 951 4025 nostri
986 3950 1160 4051 specimen
1183 3950 1340 4027 dandum
1366 3976 1460 4043 esse,
1485 3958 1527 4027 ut
1549 3952 1617 4027 iam
1641 3975 1754 4051 neque
1780 3949 1870 4026 muti
1895 3948 2004 4024 simus
2030 3956 2068 4022 et
2095 3948 2203 4047 possit

690 4068 869 4169 aliquado
891 4070 993 4146 nobis
1014 4070 1210 4147 coniectura
1231 4070 1325 4162 fieri,
1349 4072 1401 4149 its
1419 4071 1491 4148 dno
1515 4070 1684 4149 omedunt
1704 4072 1780 4171 ipse
1801 4094 1863 4170 per
1888 4092 1925 4144 se
1945 4068 2092 4157 leviora,
2114 4092 2202 4166 qnae

688 4199 806 4267 tamen
843 4190 967 4265 ceteris
998 4189 1183 4267 coniuncta
1214 4190 1446 4269 necessarium
1482 4191 1587 4267 simul
1619 4198 1656 4269 et
1687 4190 1880 4269 iucundum
1913 4188 2067 4283 efficiunt
2098 4188 2202 4263 binius

688 4308 758 4385 diei
790 4308 956 4387 officium:
992 4310 1280 4387 consuetudinem
1303 4311 1399 4400 volo,
1430 4320 1467 4387 et
1495 4310 1770 4413 experimentum
1798 4308 1972 4387 facultatis
2001 4316 2139 4383 noshae
2164 4308 2199 4381 in

685 4429 887 4531 usurpando
906 4450 1063 4505 sermone
1084 4428 1222 4507 latino.
1271 4430 1427 4521 Quorum
1449 4430 1557 4507 altera
1577 4432 1721 4509 lurtasoe
1741 4454 1810 4507 non
1838 4428 1888 4505 its
1906 4450 2077 4527 magnum
2096 4448 2198 4501 usum

686 4548 814 4639 hebet,
845 4548 908 4625 aed
936 4555 973 4623 et
1000 4548 1203 4627 venerabilis
1229 4556 1283 4625 est
1304 4554 1341 4623 et
1365 4572 1407 4623 eo
1433 4549 1555 4627 saltem
1579 4552 1720 4629 nomine
1741 4549 1915 4638 iucunde,
1940 4557 1982 4625 ut
2003 4544 2076 4623 ium
2100 4547 2199 4623 lioeat

684 4668 824 4769 publice
842 4667 959 4769 eloqui
980 4693 1070 4768 quae
1093 4670 1210 4745 animo
1231 4666 1408 4757 iuvemus,
1438 4668 1524 4745 alter
1548 4694 1648 4759 rem,
1672 4670 1789 4746 latini
1813 4668 1981 4747 emmonis
2008 4667 2198 4766 usurpandi

685 4812 779 4881 mos,
813 4788 864 4867 ita
892 4796 1112 4890 comparatus
1140 4795 1214 4878 est,
1248 4794 1289 4865 ut
1317 4787 1429 4893 soleat
1455 4782 1662 4867 naumis
1689 4788 1903 4889 argumentis
1929 4787 2035 4865 etiam
2058 4786 2199 4887 publice
