4892 6184
863 721 1139 792 enarro.
1444 689 1452 698 '
1717 729 1760 794 ar

244 949 335 1002 mus.
386 929 510 1027 ltaque
535 952 605 1002 non
627 951 783 1017 omnem,
815 932 878 1030 qui
898 940 952 1006 est
976 933 1020 1006 de
1041 931 1132 1018 fide,
1156 926 1270 1005 locum
1295 929 1554 1029 explicabimus.
1602 933 1779 1008 Praeter--

244 1046 418 1122 mittimus
443 1073 531 1147 quae
555 1048 698 1123 adeius
721 1050 908 1148 originem,
940 1051 1228 1138 fundamentum,
1253 1050 1513 1139 necessitatem,
1538 1074 1760 1150 progressum

245 1174 420 1264 spectent,
456 1168 556 1243 unice
576 1177 798 1268 quaerentes,
828 1171 914 1269 quid
937 1173 1002 1260 sit,
1033 1172 1104 1245 sive
1128 1195 1217 1270 quae
1238 1171 1325 1244 fides
1350 1170 1395 1245 sit
1415 1171 1650 1270 intelligenda.
1700 1174 1759 1248 Ad

243 1309 348 1382 quam
372 1287 628 1383 quaestionem,
655 1289 893 1388 gravissimam
913 1291 1008 1366 illam
1028 1315 1109 1389 prae
1128 1289 1311 1378 omnibus,
1331 1315 1420 1390 quae
1440 1290 1543 1366 bodie
1561 1292 1757 1391 agitantur,
1798 1309 1803 1312 ·

243 1411 283 1477 nt
318 1404 383 1478 rite
415 1408 682 1507 respondeatur,
718 1409 907 1484 videndum
938 1411 1040 1485 nobis
1063 1418 1117 1486 est
1144 1418 1221 1485 tum
1250 1409 1294 1483 de
1322 1410 1405 1484 fidei
1430 1412 1574 1499 obiecto,
1609 1419 1685 1486 tum
1714 1413 1758 1487 de

242 1523 317 1597 eius
340 1527 461 1600 indole.

296 1765 467 1837 Obieotum
501 1762 629 1838 habeat
662 1764 750 1838 fides
785 1790 924 1840 necesse
959 1774 1031 1854 est,
1067 1790 1149 1841 nam
1184 1766 1258 1842 sine
1291 1792 1333 1842 eo
1364 1792 1408 1843 ne
1441 1769 1584 1868 cogitari
1615 1771 1757 1868 quidem

239 1890 363 1979 potest.
413 1883 478 1956 Est
500 1890 618 1957 antem
642 1882 748 1971 illud,
774 1909 793 1957 e
815 1886 903 1960 Insn
925 1892 961 1959 et
980 1886 1227 1985 Apostolomm
1249 1888 1423 1976 doctrina,
1447 1889 1618 1986 primum:
1640 1892 1758 1963 Evan-

233 2000 393 2098 pelium,
406 1999 583 2088 salutaris,
609 2025 714 2100 quem
741 2001 940 2077 hominibus
963 2004 1199 2102 perferebant,
1226 2008 1384 2082 nuncius.

287 2119 472 2195 Cnnrsrns
497 2120 591 2194 enim
616 2121 797 2219 populares
820 2145 901 2194 suos
924 2121 1126 2196 adhortatus
1148 2131 1222 2211 est,
1248 2133 1288 2198 ut
1309 2129 1489 2201 eraderent
1504 2129 1694 2227 Evangelio
1710 2131 1757 2222 3).

239 2238 346 2316 Quod
366 2239 450 2313 alibi
474 2239 626 2338 appellat
646 2264 827 2313 samonem
848 2264 941 2312 suum
954 2241 1004 2331 3),
1036 2243 1138 2314 verda
1164 2267 1228 2316 aaa
1245 2244 1295 2334 ⁷),
1321 2247 1501 2341 mysteria,
1525 2271 1553 2321 e.
1577 2272 1758 2324 sermonem

238 2361 403 2457 derepere
424 2359 586 2432 coelorum
606 2360 660 2449 3),
685 2383 742 2433 res
767 2359 924 2432 coelestes
936 2360 986 2450 3),
1011 2361 1083 2434 Dei
1105 2386 1306 2452 ammonem,
1329 2364 1401 2438 Dei
1420 2367 1522 2438 verba
1541 2367 1607 2457 ¹⁰),
1632 2370 1757 2442 verita·
1897 2358 1900 2366 ’
2010 2450 2014 2460 ,

239 2488 304 2553 tem
326 2481 386 2571 ¹¹).
437 2480 513 2552 Nec
543 2484 681 2552 tentum
713 2478 750 2551 in
779 2502 905 2578 genere
940 2479 1005 2553 hoc
1035 2480 1117 2553 fidei
1149 2480 1327 2554 obiectum
1359 2482 1543 2573 indicavit,
1576 2486 1638 2560 sed
1665 2495 1757 2562 certa

238 2598 343 2672 etiam
373 2598 517 2696 placita,
553 2596 682 2694 quibus
718 2599 929 2674 credendum
965 2600 1029 2686 sit,
1062 2600 1359 2687 commemoravit,
1393 2627 1422 2674 e.
1446 2627 1474 2676 o.
1499 2627 1609 2678 unum
1637 2631 1757 2680 verum

237 2741 315 2790 esse
336 2716 453 2789 Deum
472 2717 539 2807 13),
565 2741 587 2789 a
608 2715 684 2789 Deo
708 2740 744 2789 se
766 2717 889 2792 exiisse
910 2718 977 2809 ¹⁴),
1002 2718 1115 2791 Patris
1140 2718 1279 2792 nomine
1304 2743 1340 2792 se
1364 2720 1498 2794 venisse
1518 2723 1586 2812 33),
1609 2724 1757 2799 missum

237 2859 274 2908 se
297 2858 414 2908 essee
440 2835 542 2909 Patre
562 2835 629 2925 ¹⁰),
659 2835 741 2934 qui,
773 2844 904 2934 quanto
931 2835 1090 2909 homines
1112 2858 1228 2909 amore
1249 2843 1497 2934 prosequatur,
1521 2839 1557 2912 in
1581 2839 1658 2937 ipso
1687 2848 1756 2915 tra·

238 2955 352 3029 dendo
372 2955 563 3029 ostenderit
582 2955 647 3046 ¹⁷),
672 2955 869 3032 Gnnrsrnnr
895 2982 931 3031 se
957 2980 1052 3043 esse,
1076 2957 1148 3030 Dei
1172 2956 1318 3042 Filium,
1343 2955 1427 3029 olim
1451 2957 1661 3056 promissum
1687 2961 1756 3052 ¹⁸),

236 3074 359 3149 intima
393 3099 474 3150 cum
499 3075 602 3149 Patre
629 3074 883 3150 necessitudine
904 3074 1064 3148 iunctum
1085 3073 1154 3165 33),
1173 3072 1323 3160 ,venisse
1347 3097 1384 3147 se
1406 3081 1447 3148 ut
1470 3076 1566 3174 quod
1598 3077 1757 3177 periisset

237 3204 416 3294 quaereret
437 3203 473 3270 et
496 3197 799 3285 conserventu),
825 3193 996 3294 mortique
1011 3218 1048 3267 se
1068 3217 1131 3292 pro
1149 3191 1349 3266 hominibus
1368 3193 1517 3269 tiaderet
1534 3198 1603 3289 33),
1627 3223 1646 3270 e
1665 3222 1755 3272 mor·

237 3318 307 3390 tuis
341 3341 379 3390 se
412 3315 617 3389 suscitatum
645 3339 740 3401 esse,
773 3313 932 3412 adeoque
964 3313 1133 3413 dignum,
1167 3312 1230 3411 qui
1252 3312 1425 3388 Dominus
1450 3323 1566 3390 noster
1589 3319 1756 3418 Deusque

182 3431 196 3462 ⁸
238 3436 372 3511 dicatur
393 3439 465 3529 33),
490 3436 575 3522 alia;
599 3457 844 3534 perversasque
870 3433 1080 3508 Iudaeorum
1104 3433 1283 3531 opiniones
1308 3432 1528 3532 impugnavit
1548 3437 1611 3527 33).

285 3558 341 3631 lta
364 3563 400 3630 et
418 3556 574 3655 Apostoli
591 3555 677 3629 fidei
700 3554 875 3629 obiectum
901 3553 1064 3628 dixerunt
1090 3552 1331 3650 Boumelium,
1354 3555 1578 3652 annpelicm
1597 3555 1670 3628 Dei
1683 3556 1755 3646 34),

236 3677 459 3773 Evangelicm
478 3677 601 3749 salutis
619 3683 756 3748 nostroe
771 3675 841 3764 33),
864 3674 998 3746 verdum
1016 3673 1088 3746 Dei
1104 3672 1173 3761 33),
1197 3671 1270 3744 Dei
1286 3672 1477 3769 solatuque
1493 3696 1675 3747 sermonem
1684 3675 1754 3767 33),

237 3796 412 3870 ceritatem
440 3795 510 3885 33),
545 3796 703 3867 ceritatie
737 3816 918 3865 sermonem
946 3791 1013 3881 33),
1038 3792 1130 3888 fidei
1155 3814 1323 3864 sermones
1344 3791 1393 3881 33)
1405 3823 1415 3877 ;
1453 3789 1556 3866 verbo
1592 3816 1753 3882 omnem,

238 3935 344 4010 quam
369 3938 391 3986 a
415 3912 597 3999 Onnrsro,
633 3911 734 3984 unico
761 3934 824 3984 suo
847 3910 1018 4008 Magistro
1039 3911 1089 4001 33)
1116 3915 1310 4006 acceptam,
1344 3909 1544 3984 hominibus
1568 3911 1756 3987 denuncia-

236 4037 313 4105 rent
337 4032 404 4123 33),
430 4030 631 4105 doctrinam.
682 4029 805 4108 Quid?
830 4030 924 4128 qnod
948 4029 994 4104 ad
1018 4029 1111 4104 illins
1136 4028 1335 4128 exemplum
1356 4035 1449 4105 certa
1474 4021 1753 4129 etiam'plaoita,
1802 4053 1805 4058 ·

236 4160 417 4251 tamquam
452 4152 535 4225 fidei
559 4150 693 4225 obiecta
720 4150 978 4248 significarunt,
1013 4174 1156 4248 nempe:
1189 4149 1307 4222 Insunr
1332 4173 1406 4223 esse
1430 4150 1646 4238 Onnrsrnn,
1682 4153 1754 4226 Dei

235 4273 362 4346 dilium
384 4273 455 4364 33),
482 4271 613 4346 venisse
639 4296 719 4346 eum
743 4272 781 4344 in
805 4295 905 4346 carne
925 4272 996 4363 34),
1029 4278 1177 4344 mortem
1199 4293 1281 4344 eum
1306 4293 1369 4366 pro
1393 4269 1493 4344 nobis
1520 4270 1684 4356 subiisse,
1718 4275 1754 4344 et

237 4417 257 4463 e
288 4392 434 4466 mortuis
463 4392 668 4467 suscitatum
695 4416 770 4466 esse
791 4392 860 4483 33),
894 4392 1124 4466 constitutum
1154 4415 1175 4464 a
1205 4391 1282 4463 Deo
1314 4389 1470 4464 omnium
1500 4389 1692 4464 Dominum
1717 4395 1753 4462 et
1799 4394 1805 4404 '

236 4510 393 4585 Iudicem
413 4511 480 4604 33),
513 4513 655 4587 unicum
682 4512 861 4613 hominnm
884 4512 1167 4588 conservatorem
1187 4509 1258 4601 33),
1293 4509 1423 4608 inquo
1450 4510 1548 4584 Dens
1579 4511 1753 4609 insignem

236 4655 341 4704 sunm
365 4655 448 4731 erga
472 4632 549 4706 illos
575 4657 726 4707 amorem
753 4631 951 4729 patefecerit
972 4633 1044 4724 33),
1075 4631 1152 4706 alie.
1202 4630 1280 4703 Imo
1305 4628 1428 4726 quanti
1454 4629 1597 4736 fecerint
1627 4630 1750 4705 doetri-

236 4774 337 4839 nam,
362 4776 469 4850 quam
488 4751 678 4840 docebant,
703 4751 891 4850 unicuique
915 4761 1076 4853 apparet,
1100 4749 1295 4825 attendenti
1316 4755 1393 4823 tnm
1413 4749 1459 4823 ad
1476 4750 1648 4848 praeclara
1665 4773 1751 4825 non-

237 4870 336 4946 nulla
361 4871 485 4964 effata,
511 4873 639 4972 quibus
660 4869 699 4946 id
723 4871 849 4947 diserte
873 4872 1111 4971 significarunt
1128 4871 1199 4963 33),
1222 4876 1301 4945 tum
1324 4869 1370 4945 ad
1392 4869 1530 4946 illorum
1549 4871 1675 4970 agendi
1699 4895 1752 4944 ra·

1462 4994 1506 5063 ll
