<?xml version="1.0" encoding="UTF-8"?>
<!DOCTYPE html PUBLIC "-//W3C//DTD XHTML 1.0 Transitional//EN"
    "http://www.w3.org/TR/xhtml1/DTD/xhtml1-transitional.dtd">
<html xmlns="http://www.w3.org/1999/xhtml" xml:lang="en" lang="en">
 <head>
  <title>
</title>
<meta http-equiv="Content-Type" content="text/html;charset=utf-8" />
  <meta name='ocr-system' content='tesseract 3.04.00' />
  <meta name='ocr-capabilities' content='ocr_page ocr_carea ocr_par ocr_line ocrx_word'/>
</head>
<body>
  <div class='ocr_page' id='page_1' title='image "annalesacademic05unkngoog_0095.png"; bbox 0 0 4892 6184; ppageno 0'>
   <div class='ocr_carea' id='block_1_1' title="bbox 854 709 1751 782">
    <p class='ocr_par' dir='ltr' id='par_1_1' title="bbox 854 709 1751 782">
     <span class='ocr_line' id='line_1_1' title="bbox 854 709 1751 782; baseline -0.006 0"><span class='ocrx_word' id='word_1_1' title='bbox 854 711 1131 782; x_wconf 79' lang='lat' dir='ltr'><strong>ORATIO.</strong></span> <span class='ocrx_word' id='word_1_2' title='bbox 1710 709 1751 779; x_wconf 79' lang='grc'><strong>85</strong></span> 
     </span>
    </p>
   </div>
   <div class='ocr_carea' id='block_1_2' title="bbox 240 920 1766 4238">
    <p class='ocr_par' dir='ltr' id='par_1_2' title="bbox 240 920 1766 4238">
     <span class='ocr_line' id='line_1_2' title="bbox 240 920 1753 1021; baseline -0.004 -25"><span class='ocrx_word' id='word_1_3' title='bbox 240 927 356 1008; x_wconf 80' lang='lat' dir='ltr'><strong>tema3</strong></span> <span class='ocrx_word' id='word_1_4' title='bbox 382 943 471 1019; x_wconf 89' lang='lat' dir='ltr'><strong>quae</strong></span> <span class='ocrx_word' id='word_1_5' title='bbox 495 943 605 994; x_wconf 85' lang='lat' dir='ltr'><strong>novos</strong></span> <span class='ocrx_word' id='word_1_6' title='bbox 628 921 729 1018; x_wconf 81' lang='lat' dir='ltr'>quasi</span> <span class='ocrx_word' id='word_1_7' title='bbox 747 922 903 997; x_wconf 89' lang='lat' dir='ltr'><strong>homines</strong></span> <span class='ocrx_word' id='word_1_8' title='bbox 924 947 988 998; x_wconf 85' lang='lat' dir='ltr'><strong>nos</strong></span> <span class='ocrx_word' id='word_1_9' title='bbox 1008 925 1106 1012; x_wconf 84' lang='lat' dir='ltr'><strong>lacit,</strong></span> <span class='ocrx_word' id='word_1_10' title='bbox 1132 947 1221 1021; x_wconf 88' lang='lat' dir='ltr'><strong>quae</strong></span> <span class='ocrx_word' id='word_1_11' title='bbox 1243 920 1374 994; x_wconf 89' lang='lat' dir='ltr'><strong>sincero</strong></span> <span class='ocrx_word' id='word_1_12' title='bbox 1394 943 1475 1019; x_wconf 90' lang='lat' dir='ltr'><strong>erga</strong></span> <span class='ocrx_word' id='word_1_13' title='bbox 1496 944 1615 994; x_wconf 91' lang='lat' dir='ltr'><strong>omncs</strong></span> <span class='ocrx_word' id='word_1_14' title='bbox 1637 942 1753 992; x_wconf 88' lang='lat' dir='ltr'><strong>amore</strong></span> 
     </span>
     <span class='ocr_line' id='line_1_3' title="bbox 240 1039 1753 1139; baseline -0.001 -26"><span class='ocrx_word' id='word_1_15' title='bbox 240 1064 303 1113; x_wconf 92' lang='lat' dir='ltr'><strong>nos</strong></span> <span class='ocrx_word' id='word_1_16' title='bbox 324 1039 473 1127; x_wconf 80' lang='lat' dir='ltr'><strong>imbuit,</strong></span> <span class='ocrx_word' id='word_1_17' title='bbox 507 1064 596 1139; x_wconf 87' lang='lat' dir='ltr'><strong>quae</strong></span> <span class='ocrx_word' id='word_1_18' title='bbox 620 1064 682 1138; x_wconf 89' lang='lat' dir='ltr'><strong>per</strong></span> <span class='ocrx_word' id='word_1_19' title='bbox 702 1040 879 1116; x_wconf 79' lang='lat' dir='ltr'><strong>cantatam</strong></span> <span class='ocrx_word' id='word_1_20' title='bbox 902 1047 1061 1118; x_wconf 87' lang='lat' dir='ltr'><strong>actuosus</strong></span> <span class='ocrx_word' id='word_1_21' title='bbox 1083 1043 1150 1117; x_wconf 89' lang='lat' dir='ltr'><strong>&#39;nos</strong></span> <span class='ocrx_word' id='word_1_22' title='bbox 1174 1040 1308 1127; x_wconf 79' lang='lat' dir='ltr'><strong>reddit,</strong></span> <span class='ocrx_word' id='word_1_23' title='bbox 1341 1048 1446 1139; x_wconf 90' lang='lat' dir='ltr'><strong>atque</strong></span> <span class='ocrx_word' id='word_1_24' title='bbox 1470 1041 1612 1114; x_wconf 89' lang='lat' dir='ltr'><strong>intimae</strong></span> <span class='ocrx_word' id='word_1_25' title='bbox 1637 1063 1753 1112; x_wconf 88' lang='lat' dir='ltr'><strong>ncces·</strong></span> 
     </span>
     <span class='ocr_line' id='line_1_4' title="bbox 241 1156 1755 1260; baseline -0.001 -28"><span class='ocrx_word' id='word_1_26' title='bbox 241 1158 403 1233; x_wconf 80' lang='lat' dir='ltr'><strong>situdinis</strong></span> <span class='ocrx_word' id='word_1_27' title='bbox 434 1159 570 1233; x_wconf 85' lang='lat' dir='ltr'><strong>vinculo</strong></span> <span class='ocrx_word' id='word_1_28' title='bbox 599 1183 680 1233; x_wconf 90' lang='lat' dir='ltr'><strong>cnm</strong></span> <span class='ocrx_word' id='word_1_29' title='bbox 701 1160 867 1235; x_wconf 81' lang='lat' dir='ltr'><strong>Oamsro</strong></span> <span class='ocrx_word' id='word_1_30' title='bbox 889 1161 1034 1260; x_wconf 91' lang='lat' dir='ltr'><strong>Deoque</strong></span> <span class='ocrx_word' id='word_1_31' title='bbox 1059 1186 1122 1236; x_wconf 89' lang='lat' dir='ltr'><strong>nos</strong></span> <span class='ocrx_word' id='word_1_32' title='bbox 1142 1158 1322 1257; x_wconf 88' lang='lat' dir='ltr'><strong>coniungit</strong></span> <span class='ocrx_word' id='word_1_33' title='bbox 1346 1160 1407 1250; x_wconf 80' lang='lat'>⁶⁴).</span> <span class='ocrx_word' id='word_1_34' title='bbox 1459 1160 1561 1234; x_wconf 83' lang='lat' dir='ltr'><strong>Unde</strong></span> <span class='ocrx_word' id='word_1_35' title='bbox 1589 1156 1755 1232; x_wconf 88' lang='lat' dir='ltr'><strong>vocabula</strong></span> 
     </span>
     <span class='ocr_line' id='line_1_5' title="bbox 240 1275 1766 1379; baseline -0.003 -27"><span class='ocrx_word' id='word_1_36' title='bbox 240 1281 379 1365; x_wconf 73' lang='lat' dir='ltr'><strong>cabrer</strong></span> <span class='ocrx_word' id='word_1_37' title='bbox 401 1286 437 1352; x_wconf 90' lang='lat' dir='ltr'><strong>et</strong></span> <span class='ocrx_word' id='word_1_38' title='bbox 458 1281 646 1357; x_wconf 73' lang='grc' dir='ltr'><strong><em>πιστεύειν</em></strong></span> <span class='ocrx_word' id='word_1_39' title='bbox 668 1287 867 1379; x_wconf 71' lang='lat' dir='ltr'><strong>permutant</strong></span> <span class='ocrx_word' id='word_1_40' title='bbox 886 1305 968 1354; x_wconf 89' lang='lat' dir='ltr'><strong>cum</strong></span> <span class='ocrx_word' id='word_1_41' title='bbox 992 1280 1089 1368; x_wconf 88' lang='lat' dir='ltr'><strong>aliis,</strong></span> <span class='ocrx_word' id='word_1_42' title='bbox 1114 1278 1317 1377; x_wconf 91' lang='lat' dir='ltr'><strong>quaequod</strong></span> <span class='ocrx_word' id='word_1_43' title='bbox 1337 1276 1525 1375; x_wconf 82' lang='lat' dir='ltr'><strong>probamus</strong></span> <span class='ocrx_word' id='word_1_44' title='bbox 1547 1277 1673 1350; x_wconf 83' lang='lat' dir='ltr'><strong>diserte</strong></span> <span class='ocrx_word' id='word_1_45' title='bbox 1693 1275 1766 1348; x_wconf 50' lang='lat' dir='ltr'><strong>do-¹</strong></span> 
     </span>
     <span class='ocr_line' id='line_1_6' title="bbox 240 1374 1754 1498; baseline -0.003 -26"><span class='ocrx_word' id='word_1_46' title='bbox 240 1405 354 1472; x_wconf 84' lang='lat' dir='ltr'><strong>ceant:</strong></span> <span class='ocrx_word' id='word_1_47' title='bbox 368 1374 577 1473; x_wconf 49' lang='lat' dir='ltr'><strong>&#39;cuiusmodi</strong></span> <span class='ocrx_word' id='word_1_48' title='bbox 600 1406 683 1474; x_wconf 89' lang='lat' dir='ltr'><strong>sunt</strong></span> <span class='ocrx_word' id='word_1_49' title='bbox 698 1403 853 1498; x_wconf 73' lang='lat' dir='ltr'><strong>erupere</strong></span> <span class='ocrx_word' id='word_1_50' title='bbox 870 1402 1037 1474; x_wconf 78' lang='lat' dir='ltr'><strong>Christum</strong></span> <span class='ocrx_word' id='word_1_51' title='bbox 1049 1401 1098 1491; x_wconf 76' lang='lat'><strong>⁶³)</strong></span> <span class='ocrx_word' id='word_1_52' title='bbox 1119 1402 1235 1473; x_wconf 81' lang='lat' dir='ltr'><strong>venire</strong></span> <span class='ocrx_word' id='word_1_53' title='bbox 1251 1400 1301 1472; x_wconf 83' lang='lat' dir='ltr'><strong>ud</strong></span> <span class='ocrx_word' id='word_1_54' title='bbox 1314 1423 1385 1472; x_wconf 87' lang='lat' dir='ltr'><strong>eum</strong></span> <span class='ocrx_word' id='word_1_55' title='bbox 1399 1399 1461 1489; x_wconf 78' lang='lat'><strong>⁰⁰),</strong></span> <span class='ocrx_word' id='word_1_56' title='bbox 1476 1399 1600 1472; x_wconf 83' lang='lat' dir='ltr'><strong>hahere</strong></span> <span class='ocrx_word' id='word_1_57' title='bbox 1612 1396 1754 1487; x_wconf 58' lang='lat' dir='ltr'><strong>eurum),</strong></span> 
     </span>
     <span class='ocr_line' id='line_1_7' title="bbox 241 1517 1756 1616; baseline 0 -26"><span class='ocrx_word' id='word_1_58' title='bbox 241 1541 312 1590; x_wconf 81' lang='lat' dir='ltr'><strong>ease</strong></span> <span class='ocrx_word' id='word_1_59' title='bbox 345 1525 381 1590; x_wconf 89' lang='lat' dir='ltr'><strong>et</strong></span> <span class='ocrx_word' id='word_1_60' title='bbox 406 1521 519 1592; x_wconf 73' lang='lat' dir='ltr'><strong>vium</strong></span> <span class='ocrx_word' id='word_1_61' title='bbox 544 1545 616 1592; x_wconf 86' lang='lat' dir='ltr'><strong>eum</strong></span> <span class='ocrx_word' id='word_1_62' title='bbox 645 1522 681 1592; x_wconf 82' lang='lat' dir='ltr'><strong>tn</strong></span> <span class='ocrx_word' id='word_1_63' title='bbox 705 1521 801 1592; x_wconf 82' lang='lat' dir='ltr'><strong>notia</strong></span> <span class='ocrx_word' id='word_1_64' title='bbox 820 1521 882 1609; x_wconf 78' lang='lat'><strong>⁶⁸).</strong></span> <span class='ocrx_word' id='word_1_65' title='bbox 933 1518 1033 1592; x_wconf 87' lang='lat' dir='ltr'><strong>Idem</strong></span> <span class='ocrx_word' id='word_1_66' title='bbox 1058 1543 1165 1616; x_wconf 81' lang='lat' dir='ltr'><strong>porro</strong></span> <span class='ocrx_word' id='word_1_67' title='bbox 1195 1519 1375 1591; x_wconf 90' lang='lat' dir='ltr'><strong>confirmat</strong></span> <span class='ocrx_word' id='word_1_68' title='bbox 1407 1517 1589 1615; x_wconf 83' lang='lat' dir='ltr'><strong>descriptio</strong></span> <span class='ocrx_word' id='word_1_69' title='bbox 1616 1540 1756 1602; x_wconf 89' lang='lat' dir='ltr'><strong>eorum,</strong></span> 
     </span>
     <span class='ocr_line' id='line_1_8' title="bbox 240 1635 1755 1734; baseline -0.001 -25"><span class='ocrx_word' id='word_1_70' title='bbox 240 1636 390 1732; x_wconf 88' lang='lat' dir='ltr'><strong>quaein</strong></span> <span class='ocrx_word' id='word_1_71' title='bbox 414 1636 635 1710; x_wconf 87' lang='lat' dir='ltr'><strong>credentibus</strong></span> <span class='ocrx_word' id='word_1_72' title='bbox 664 1638 905 1734; x_wconf 88' lang='lat' dir='ltr'><strong>requiruntur,</strong></span> <span class='ocrx_word' id='word_1_73' title='bbox 939 1638 1207 1734; x_wconf 87' lang='lat' dir='ltr'><strong>universumque</strong></span> <span class='ocrx_word' id='word_1_74' title='bbox 1236 1635 1410 1732; x_wconf 84' lang='lat' dir='ltr'><strong>religionis</strong></span> <span class='ocrx_word' id='word_1_75' title='bbox 1435 1635 1650 1718; x_wconf 80' lang='lat' dir='ltr'><strong>Christianae</strong></span> <span class='ocrx_word' id='word_1_76' title='bbox 1675 1659 1755 1709; x_wconf 93' lang='lat' dir='ltr'><strong>con·</strong></span> 
     </span>
     <span class='ocr_line' id='line_1_9' title="bbox 241 1737 1757 1843; baseline 0 -16"><span class='ocrx_word' id='word_1_77' title='bbox 241 1755 367 1827; x_wconf 86' lang='lat' dir='ltr'><strong>aihum.</strong></span> <span class='ocrx_word' id='word_1_78' title='bbox 416 1755 602 1841; x_wconf 86' lang='lat' dir='ltr'><strong>Fatemur,</strong></span> <span class='ocrx_word' id='word_1_79' title='bbox 636 1756 706 1829; x_wconf 93' lang='lat' dir='ltr'><strong>imo</strong></span> <span class='ocrx_word' id='word_1_80' title='bbox 731 1779 811 1828; x_wconf 88' lang='lat' dir='ltr'><strong>vero</strong></span> <span class='ocrx_word' id='word_1_81' title='bbox 831 1751 1104 1843; x_wconf 75' lang='lat' dir='ltr'><strong>contendimus,</strong></span> <span class='ocrx_word' id='word_1_82' title='bbox 1128 1754 1261 1828; x_wconf 88' lang='lat' dir='ltr'><strong>venisse</strong></span> <span class='ocrx_word' id='word_1_83' title='bbox 1293 1737 1490 1829; x_wconf 77' lang='lat' dir='ltr'><strong>Oahrsronr</strong></span> <span class='ocrx_word' id='word_1_84' title='bbox 1514 1756 1559 1830; x_wconf 91' lang='lat' dir='ltr'><strong>ad</strong></span> <span class='ocrx_word' id='word_1_85' title='bbox 1584 1755 1757 1830; x_wconf 90' lang='lat' dir='ltr'><strong>docendos</strong></span> 
     </span>
     <span class='ocr_line' id='line_1_10' title="bbox 241 1870 1757 1971; baseline 0.001 -27"><span class='ocrx_word' id='word_1_86' title='bbox 241 1871 420 1957; x_wconf 88' lang='lat' dir='ltr'><strong>homines,</strong></span> <span class='ocrx_word' id='word_1_87' title='bbox 446 1871 491 1944; x_wconf 87' lang='lat' dir='ltr'><strong>ad</strong></span> <span class='ocrx_word' id='word_1_88' title='bbox 514 1870 737 1947; x_wconf 89' lang='lat' dir='ltr'><strong>illustrandas</strong></span> <span class='ocrx_word' id='word_1_89' title='bbox 758 1897 879 1948; x_wconf 89' lang='lat' dir='ltr'><strong>eorum</strong></span> <span class='ocrx_word' id='word_1_90' title='bbox 901 1881 1057 1963; x_wconf 90' lang='lat' dir='ltr'><strong>mentes,</strong></span> <span class='ocrx_word' id='word_1_91' title='bbox 1082 1874 1127 1949; x_wconf 91' lang='lat' dir='ltr'><strong>ad</strong></span> <span class='ocrx_word' id='word_1_92' title='bbox 1150 1873 1421 1971; x_wconf 83' lang='lat' dir='ltr'><strong>patefaciendam</strong></span> <span class='ocrx_word' id='word_1_93' title='bbox 1445 1873 1642 1962; x_wconf 85' lang='lat' dir='ltr'><strong>veritatem,</strong></span> <span class='ocrx_word' id='word_1_94' title='bbox 1667 1875 1757 1947; x_wconf 89' lang='lat' dir='ltr'><strong>eius·</strong></span> 
     </span>
     <span class='ocr_line' id='line_1_11' title="bbox 240 1989 1758 2093; baseline 0.002 -29"><span class='ocrx_word' id='word_1_95' title='bbox 240 2015 309 2090; x_wconf 91' lang='lat' dir='ltr'><strong>que</strong></span> <span class='ocrx_word' id='word_1_96' title='bbox 346 1989 547 2088; x_wconf 86' lang='lat' dir='ltr'><strong>religionem</strong></span> <span class='ocrx_word' id='word_1_97' title='bbox 575 1991 765 2068; x_wconf 82' lang='lat' dir='ltr'><strong>doctrinam</strong></span> <span class='ocrx_word' id='word_1_98' title='bbox 788 1994 982 2082; x_wconf 89' lang='lat' dir='ltr'><strong>continere;</strong></span> <span class='ocrx_word' id='word_1_99' title='bbox 1018 1995 1081 2068; x_wconf 91' lang='lat' dir='ltr'><strong>sed</strong></span> <span class='ocrx_word' id='word_1_100' title='bbox 1102 1994 1208 2068; x_wconf 89' lang='lat' dir='ltr'><strong>iidem</strong></span> <span class='ocrx_word' id='word_1_101' title='bbox 1232 2016 1418 2093; x_wconf 89' lang='lat' dir='ltr'><strong>negamus,</strong></span> <span class='ocrx_word' id='word_1_102' title='bbox 1453 1993 1626 2081; x_wconf 92' lang='lat' dir='ltr'><strong>divinam,</strong></span> <span class='ocrx_word' id='word_1_103' title='bbox 1652 2016 1758 2091; x_wconf 88' lang='lat' dir='ltr'><strong>quarn</strong></span> 
     </span>
     <span class='ocr_line' id='line_1_12' title="bbox 240 2109 1759 2212; baseline 0.001 -29"><span class='ocrx_word' id='word_1_104' title='bbox 240 2109 342 2183; x_wconf 91' lang='lat' dir='ltr'><strong>nobis</strong></span> <span class='ocrx_word' id='word_1_105' title='bbox 369 2110 482 2198; x_wconf 90' lang='lat' dir='ltr'><strong>dedit,</strong></span> <span class='ocrx_word' id='word_1_106' title='bbox 517 2111 718 2209; x_wconf 85' lang='lat' dir='ltr'><strong>religionem</strong></span> <span class='ocrx_word' id='word_1_107' title='bbox 747 2138 818 2187; x_wconf 92' lang='lat' dir='ltr'><strong>una</strong></span> <span class='ocrx_word' id='word_1_108' title='bbox 842 2113 997 2188; x_wconf 90' lang='lat' dir='ltr'><strong>doctrina</strong></span> <span class='ocrx_word' id='word_1_109' title='bbox 1019 2113 1163 2187; x_wconf 90' lang='lat' dir='ltr'><strong>absolvi.</strong></span> <span class='ocrx_word' id='word_1_110' title='bbox 1214 2114 1388 2201; x_wconf 84' lang='lat' dir='ltr'><strong>Ultimus,</strong></span> <span class='ocrx_word' id='word_1_111' title='bbox 1413 2114 1458 2188; x_wconf 89' lang='lat' dir='ltr'><strong>ad</strong></span> <span class='ocrx_word' id='word_1_112' title='bbox 1482 2138 1586 2212; x_wconf 89' lang='lat' dir='ltr'><strong>quem</strong></span> <span class='ocrx_word' id='word_1_113' title='bbox 1610 2137 1674 2186; x_wconf 91' lang='lat' dir='ltr'><strong>nos</strong></span> <span class='ocrx_word' id='word_1_114' title='bbox 1694 2112 1759 2185; x_wconf 91' lang='lat' dir='ltr'><strong>du·</strong></span> 
     </span>
     <span class='ocr_line' id='line_1_13' title="bbox 241 2230 1759 2329; baseline 0.003 -28"><span class='ocrx_word' id='word_1_115' title='bbox 241 2254 319 2302; x_wconf 89' lang='lat' dir='ltr'><strong>cere</strong></span> <span class='ocrx_word' id='word_1_116' title='bbox 343 2230 434 2316; x_wconf 88' lang='lat' dir='ltr'><strong>vult,</strong></span> <span class='ocrx_word' id='word_1_117' title='bbox 470 2230 550 2302; x_wconf 91' lang='lat' dir='ltr'><strong>finis</strong></span> <span class='ocrx_word' id='word_1_118' title='bbox 581 2231 654 2305; x_wconf 91' lang='lat' dir='ltr'><strong>sine</strong></span> <span class='ocrx_word' id='word_1_119' title='bbox 683 2230 791 2305; x_wconf 92' lang='lat' dir='ltr'><strong>dubio</strong></span> <span class='ocrx_word' id='word_1_120' title='bbox 819 2233 971 2306; x_wconf 89' lang='lat' dir='ltr'><strong>cernitur</strong></span> <span class='ocrx_word' id='word_1_121' title='bbox 993 2232 1030 2305; x_wconf 86' lang='lat' dir='ltr'><strong>in</strong></span> <span class='ocrx_word' id='word_1_122' title='bbox 1053 2233 1160 2307; x_wconf 89' lang='lat' dir='ltr'><strong>animi</strong></span> <span class='ocrx_word' id='word_1_123' title='bbox 1181 2233 1290 2306; x_wconf 88' lang='lat' dir='ltr'><strong>nostri</strong></span> <span class='ocrx_word' id='word_1_124' title='bbox 1315 2233 1472 2329; x_wconf 89' lang='lat' dir='ltr'><strong>vitaeque</strong></span> <span class='ocrx_word' id='word_1_125' title='bbox 1499 2233 1759 2322; x_wconf 86' lang='lat' dir='ltr'><strong>emendatione,</strong></span> 
     </span>
     <span class='ocr_line' id='line_1_14' title="bbox 241 2347 1761 2450; baseline 0.003 -30"><span class='ocrx_word' id='word_1_126' title='bbox 241 2348 278 2420; x_wconf 87' lang='lat' dir='ltr'><strong>iu</strong></span> <span class='ocrx_word' id='word_1_127' title='bbox 303 2347 487 2421; x_wconf 87' lang='lat' dir='ltr'><strong>excitando</strong></span> <span class='ocrx_word' id='word_1_128' title='bbox 511 2357 546 2421; x_wconf 93' lang='lat' dir='ltr'><strong>et</strong></span> <span class='ocrx_word' id='word_1_129' title='bbox 571 2349 695 2423; x_wconf 90' lang='lat' dir='ltr'><strong>alendo</strong></span> <span class='ocrx_word' id='word_1_130' title='bbox 720 2350 856 2437; x_wconf 90' lang='lat' dir='ltr'><strong>studio,</strong></span> <span class='ocrx_word' id='word_1_131' title='bbox 882 2375 951 2448; x_wconf 91' lang='lat' dir='ltr'><strong>quo</strong></span> <span class='ocrx_word' id='word_1_132' title='bbox 974 2351 1043 2438; x_wconf 92' lang='lat' dir='ltr'><strong>illi,</strong></span> <span class='ocrx_word' id='word_1_133' title='bbox 1067 2351 1228 2450; x_wconf 89' lang='lat' dir='ltr'><strong>Deoque,</strong></span> <span class='ocrx_word' id='word_1_134' title='bbox 1253 2352 1348 2424; x_wconf 89' lang='lat' dir='ltr'><strong>Patri</strong></span> <span class='ocrx_word' id='word_1_135' title='bbox 1372 2359 1507 2437; x_wconf 91' lang='lat' dir='ltr'><strong>nostro,</strong></span> <span class='ocrx_word' id='word_1_136' title='bbox 1534 2351 1662 2425; x_wconf 86' lang='lat' dir='ltr'><strong>similes</strong></span> <span class='ocrx_word' id='word_1_137' title='bbox 1682 2375 1761 2424; x_wconf 88' lang='lat' dir='ltr'><strong>eva·</strong></span> 
     </span>
     <span class='ocr_line' id='line_1_15' title="bbox 244 2467 1760 2567; baseline 0.003 -28"><span class='ocrx_word' id='word_1_138' title='bbox 244 2467 325 2539; x_wconf 91' lang='lat' dir='ltr'><strong>dere</strong></span> <span class='ocrx_word' id='word_1_139' title='bbox 340 2474 536 2554; x_wconf 85' lang='lat' dir='ltr'><strong>conemur,</strong></span> <span class='ocrx_word' id='word_1_140' title='bbox 561 2467 597 2540; x_wconf 94' lang='lat' dir='ltr'><strong>in</strong></span> <span class='ocrx_word' id='word_1_141' title='bbox 619 2467 781 2542; x_wconf 87' lang='lat' dir='ltr'><strong>omnibus</strong></span> <span class='ocrx_word' id='word_1_142' title='bbox 802 2469 939 2567; x_wconf 88' lang='lat' dir='ltr'><strong>populis</strong></span> <span class='ocrx_word' id='word_1_143' title='bbox 958 2471 1226 2567; x_wconf 89' lang='lat' dir='ltr'><strong>hominibusque</strong></span> <span class='ocrx_word' id='word_1_144' title='bbox 1251 2471 1287 2543; x_wconf 93' lang='lat' dir='ltr'><strong>in</strong></span> <span class='ocrx_word' id='word_1_145' title='bbox 1313 2495 1416 2545; x_wconf 88' lang='lat' dir='ltr'><strong>unam</strong></span> <span class='ocrx_word' id='word_1_146' title='bbox 1442 2471 1659 2558; x_wconf 88' lang='lat' dir='ltr'><strong>societatem,</strong></span> <span class='ocrx_word' id='word_1_147' title='bbox 1685 2471 1760 2544; x_wconf 91' lang='lat' dir='ltr'><strong>Deo</strong></span> 
     </span>
     <span class='ocr_line' id='line_1_16' title="bbox 242 2585 1760 2688; baseline 0.003 -31"><span class='ocrx_word' id='word_1_148' title='bbox 242 2587 479 2683; x_wconf 85' lang='lat' dir='ltr'><strong>Cnarsroque</strong></span> <span class='ocrx_word' id='word_1_149' title='bbox 515 2585 683 2672; x_wconf 90' lang='lat' dir='ltr'><strong>dicatam,</strong></span> <span class='ocrx_word' id='word_1_150' title='bbox 717 2589 977 2686; x_wconf 78' lang='lat' dir='ltr'><strong>congregandis.</strong></span> <span class='ocrx_word' id='word_1_151' title='bbox 1028 2590 1189 2688; x_wconf 88' lang='lat' dir='ltr'><strong>Requirit</strong></span> <span class='ocrx_word' id='word_1_152' title='bbox 1220 2589 1328 2687; x_wconf 90' lang='lat' dir='ltr'><strong>igitur</strong></span> <span class='ocrx_word' id='word_1_153' title='bbox 1356 2590 1393 2662; x_wconf 94' lang='lat' dir='ltr'><strong>in</strong></span> <span class='ocrx_word' id='word_1_154' title='bbox 1430 2615 1661 2688; x_wconf 91' lang='lat' dir='ltr'><strong>unoquoque,</strong></span> <span class='ocrx_word' id='word_1_155' title='bbox 1692 2591 1760 2687; x_wconf 91' lang='lat' dir='ltr'><strong>ipsi</strong></span> 
     </span>
     <span class='ocr_line' id='line_1_17' title="bbox 242 2703 1760 2810; baseline 0.003 -33"><span class='ocrx_word' id='word_1_156' title='bbox 242 2704 347 2778; x_wconf 89' lang='lat' dir='ltr'><strong>fidem</strong></span> <span class='ocrx_word' id='word_1_157' title='bbox 370 2703 540 2791; x_wconf 87' lang='lat' dir='ltr'><strong>habente,</strong></span> <span class='ocrx_word' id='word_1_158' title='bbox 564 2705 741 2794; x_wconf 89' lang='lat' dir='ltr'><strong>animum,</strong></span> <span class='ocrx_word' id='word_1_159' title='bbox 754 2707 914 2810; x_wconf 42' lang='lat' dir='ltr'><strong>&#39;pietatis</strong></span> <span class='ocrx_word' id='word_1_160' title='bbox 937 2708 1143 2807; x_wconf 88' lang='lat' dir='ltr'><strong>virtutisque</strong></span> <span class='ocrx_word' id='word_1_161' title='bbox 1167 2707 1283 2781; x_wconf 91' lang='lat' dir='ltr'><strong>studio</strong></span> <span class='ocrx_word' id='word_1_162' title='bbox 1307 2708 1503 2796; x_wconf 90' lang='lat' dir='ltr'><strong>imbutum,</strong></span> <span class='ocrx_word' id='word_1_163' title='bbox 1537 2709 1582 2783; x_wconf 90' lang='lat' dir='ltr'><strong>ad</strong></span> <span class='ocrx_word' id='word_1_164' title='bbox 1606 2734 1661 2782; x_wconf 90' lang='lat' dir='ltr'><strong>res</strong></span> <span class='ocrx_word' id='word_1_165' title='bbox 1685 2734 1760 2782; x_wconf 92' lang='lat' dir='ltr'><strong>coe·</strong></span> 
     </span>
     <span class='ocr_line' id='line_1_18' title="bbox 241 2822 1762 2930; baseline 0.003 -34"><span class='ocrx_word' id='word_1_166' title='bbox 241 2823 345 2896; x_wconf 86' lang='lat' dir='ltr'><strong>testes</strong></span> <span class='ocrx_word' id='word_1_167' title='bbox 369 2822 571 2921; x_wconf 88' lang='lat' dir='ltr'><strong>divinasque</strong></span> <span class='ocrx_word' id='word_1_168' title='bbox 595 2849 819 2914; x_wconf 88' lang='lat' dir='ltr'><strong>conversum,</strong></span> <span class='ocrx_word' id='word_1_169' title='bbox 843 2827 889 2902; x_wconf 91' lang='lat' dir='ltr'><strong>ab</strong></span> <span class='ocrx_word' id='word_1_170' title='bbox 909 2827 1103 2903; x_wconf 90' lang='lat' dir='ltr'><strong>inordinata</strong></span> <span class='ocrx_word' id='word_1_171' title='bbox 1124 2829 1309 2930; x_wconf 78' lang='grc' dir='ltr'><strong><em>φιλαυτίᾳ</em></strong></span> <span class='ocrx_word' id='word_1_172' title='bbox 1332 2828 1504 2917; x_wconf 89' lang='lat' dir='ltr'><strong>alienum,</strong></span> <span class='ocrx_word' id='word_1_173' title='bbox 1529 2829 1660 2902; x_wconf 90' lang='lat' dir='ltr'><strong>sincero</strong></span> <span class='ocrx_word' id='word_1_174' title='bbox 1680 2852 1762 2928; x_wconf 89' lang='lat' dir='ltr'><strong>erga</strong></span> 
     </span>
     <span class='ocr_line' id='line_1_19' title="bbox 241 2937 1763 3052; baseline 0.004 -38"><span class='ocrx_word' id='word_1_175' title='bbox 241 2944 357 3042; x_wconf 90' lang='lat' dir='ltr'><strong>ipsum</strong></span> <span class='ocrx_word' id='word_1_176' title='bbox 392 2943 599 3042; x_wconf 89' lang='lat' dir='ltr'><strong>Deumque,</strong></span> <span class='ocrx_word' id='word_1_177' title='bbox 634 2953 669 3020; x_wconf 91' lang='lat' dir='ltr'><strong>et</strong></span> <span class='ocrx_word' id='word_1_178' title='bbox 703 2954 853 3052; x_wconf 82' lang='lat' dir='ltr'><strong>naturae</strong></span> <span class='ocrx_word' id='word_1_179' title='bbox 875 2956 1011 3023; x_wconf 90' lang='lat' dir='ltr'><strong>nostrae</strong></span> <span class='ocrx_word' id='word_1_180' title='bbox 1043 2947 1151 3023; x_wconf 86' lang='lat' dir='ltr'><strong>socios</strong></span> <span class='ocrx_word' id='word_1_181' title='bbox 1183 2972 1300 3023; x_wconf 88' lang='lat' dir='ltr'><strong>amore</strong></span> <span class='ocrx_word' id='word_1_182' title='bbox 1329 2937 1545 3047; x_wconf 81' lang='lat' dir='ltr'><strong>flagrantem.</strong></span> <span class='ocrx_word' id='word_1_183' title='bbox 1597 2950 1698 3026; x_wconf 87' lang='lat' dir='ltr'><strong>Quae</strong></span> <span class='ocrx_word' id='word_1_184' title='bbox 1724 2947 1763 3020; x_wconf 91' lang='lat' dir='ltr'><strong>in</strong></span> 
     </span>
     <span class='ocr_line' id='line_1_20' title="bbox 242 3062 1763 3168; baseline 0.001 -31"><span class='ocrx_word' id='word_1_185' title='bbox 242 3062 463 3137; x_wconf 88' lang='lat' dir='ltr'><strong>credentibus</strong></span> <span class='ocrx_word' id='word_1_186' title='bbox 494 3065 636 3139; x_wconf 90' lang='lat' dir='ltr'><strong>minime</strong></span> <span class='ocrx_word' id='word_1_187' title='bbox 665 3066 901 3168; x_wconf 76' lang='lat' dir='ltr'><strong>invenientur,</strong></span> <span class='ocrx_word' id='word_1_188' title='bbox 933 3068 1001 3142; x_wconf 89' lang='lat' dir='ltr'><strong>nisi</strong></span> <span class='ocrx_word' id='word_1_189' title='bbox 1027 3065 1197 3151; x_wconf 81' lang='lat' dir='ltr'><strong>eiusmodi</strong></span> <span class='ocrx_word' id='word_1_190' title='bbox 1220 3067 1291 3141; x_wconf 89' lang='lat' dir='ltr'><strong>fide</strong></span> <span class='ocrx_word' id='word_1_191' title='bbox 1317 3067 1514 3168; x_wconf 87' lang='lat' dir='ltr'><strong>gaudeant,</strong></span> <span class='ocrx_word' id='word_1_192' title='bbox 1541 3093 1630 3166; x_wconf 88' lang='lat' dir='ltr'><strong>quae</strong></span> <span class='ocrx_word' id='word_1_193' title='bbox 1656 3067 1763 3141; x_wconf 87' lang='lat' dir='ltr'><strong>animi</strong></span> 
     </span>
     <span class='ocr_line' id='line_1_21' title="bbox 244 3180 1762 3286; baseline 0.002 -30"><span class='ocrx_word' id='word_1_194' title='bbox 244 3206 367 3256; x_wconf 89' lang='lat' dir='ltr'><strong>sensus</strong></span> <span class='ocrx_word' id='word_1_195' title='bbox 387 3180 589 3282; x_wconf 83' lang='lat' dir='ltr'><strong>praesertim</strong></span> <span class='ocrx_word' id='word_1_196' title='bbox 613 3186 757 3274; x_wconf 91' lang='lat' dir='ltr'><strong>afficiat,</strong></span> <span class='ocrx_word' id='word_1_197' title='bbox 783 3194 923 3261; x_wconf 90' lang='lat' dir='ltr'><strong>etcum</strong></span> <span class='ocrx_word' id='word_1_198' title='bbox 947 3188 1076 3262; x_wconf 87' lang='lat' dir='ltr'><strong>fiducia</strong></span> <span class='ocrx_word' id='word_1_199' title='bbox 1099 3187 1144 3260; x_wconf 88' lang='lat' dir='ltr'><strong>sit</strong></span> <span class='ocrx_word' id='word_1_200' title='bbox 1168 3187 1362 3270; x_wconf 86' lang='lat' dir='ltr'><strong>coniuncta.</strong></span> <span class='ocrx_word' id='word_1_201' title='bbox 1399 3187 1499 3284; x_wconf 91' lang='lat' dir='ltr'><strong>Ipsos</strong></span> <span class='ocrx_word' id='word_1_202' title='bbox 1526 3188 1669 3286; x_wconf 83' lang='lat' dir='ltr'><strong>denique</strong></span> <span class='ocrx_word' id='word_1_203' title='bbox 1691 3211 1762 3260; x_wconf 89' lang='lat' dir='ltr'><strong>cre·</strong></span> 
     </span>
     <span class='ocr_line' id='line_1_22' title="bbox 245 3302 1761 3404; baseline 0.003 -29"><span class='ocrx_word' id='word_1_204' title='bbox 245 3303 366 3376; x_wconf 91' lang='lat' dir='ltr'><strong>dentes</strong></span> <span class='ocrx_word' id='word_1_205' title='bbox 401 3302 585 3401; x_wconf 88' lang='lat' dir='ltr'><strong>suspicite,</strong></span> <span class='ocrx_word' id='word_1_206' title='bbox 621 3306 666 3378; x_wconf 89' lang='lat' dir='ltr'><strong>A.</strong></span> <span class='ocrx_word' id='word_1_207' title='bbox 681 3306 747 3378; x_wconf 90' lang='lat' dir='ltr'><strong>A.!</strong></span> <span class='ocrx_word' id='word_1_208' title='bbox 783 3313 824 3380; x_wconf 89' lang='lat' dir='ltr'><strong>ut</strong></span> <span class='ocrx_word' id='word_1_209' title='bbox 855 3330 969 3380; x_wconf 88' lang='lat' dir='ltr'><strong>veram</strong></span> <span class='ocrx_word' id='word_1_210' title='bbox 1002 3307 1084 3381; x_wconf 88' lang='lat' dir='ltr'><strong>fidei</strong></span> <span class='ocrx_word' id='word_1_211' title='bbox 1116 3306 1331 3381; x_wconf 86' lang='lat' dir='ltr'><strong>Christianae</strong></span> <span class='ocrx_word' id='word_1_212' title='bbox 1367 3306 1518 3380; x_wconf 86' lang='lat' dir='ltr'><strong>indolem</strong></span> <span class='ocrx_word' id='word_1_213' title='bbox 1551 3306 1761 3404; x_wconf 90' lang='lat' dir='ltr'><strong>intelligatis.</strong></span> 
     </span>
     <span class='ocr_line' id='line_1_23' title="bbox 244 3422 1764 3526; baseline -0.002 -26"><span class='ocrx_word' id='word_1_214' title='bbox 244 3423 318 3501; x_wconf 86' lang='lat' dir='ltr'><strong>Qui</strong></span> <span class='ocrx_word' id='word_1_215' title='bbox 339 3422 548 3522; x_wconf 79' lang='lat' dir='ltr'><strong>trupissimis</strong></span> <span class='ocrx_word' id='word_1_216' title='bbox 569 3422 836 3524; x_wconf 89' lang='lat' dir='ltr'><strong>quibuscunque</strong></span> <span class='ocrx_word' id='word_1_217' title='bbox 854 3427 944 3500; x_wconf 89' lang='lat' dir='ltr'><strong>vitiis</strong></span> <span class='ocrx_word' id='word_1_218' title='bbox 962 3451 999 3500; x_wconf 91' lang='lat' dir='ltr'><strong>se</strong></span> <span class='ocrx_word' id='word_1_219' title='bbox 1017 3427 1299 3526; x_wconf 90' lang='lat' dir='ltr'><strong>inquinaverant,</strong></span> <span class='ocrx_word' id='word_1_220' title='bbox 1319 3425 1517 3499; x_wconf 88' lang='lat' dir='ltr'><strong>Christiana</strong></span> <span class='ocrx_word' id='word_1_221' title='bbox 1534 3424 1603 3498; x_wconf 87' lang='lat' dir='ltr'><strong>fide</strong></span> <span class='ocrx_word' id='word_1_222' title='bbox 1618 3425 1764 3511; x_wconf 90' lang='lat' dir='ltr'><strong>imbuti,</strong></span> 
     </span>
     <span class='ocr_line' id='line_1_24' title="bbox 245 3543 1763 3642; baseline 0 -26"><span class='ocrx_word' id='word_1_223' title='bbox 245 3567 323 3619; x_wconf 89' lang='lat' dir='ltr'><strong>vere</strong></span> <span class='ocrx_word' id='word_1_224' title='bbox 344 3543 594 3642; x_wconf 78' lang='lat' dir='ltr'><strong>dicipoterant</strong></span> <span class='ocrx_word' id='word_1_225' title='bbox 617 3547 744 3635; x_wconf 77' lang='lat' dir='ltr'><strong>abluti,</strong></span> <span class='ocrx_word' id='word_1_226' title='bbox 768 3549 898 3633; x_wconf 80' lang='lat' dir='ltr'><strong>auuctr&#39;,</strong></span> <span class='ocrx_word' id='word_1_227' title='bbox 921 3550 1004 3620; x_wconf 81' lang='lat' dir='ltr'><strong>iusti</strong></span> <span class='ocrx_word' id='word_1_228' title='bbox 1012 3549 1110 3639; x_wconf 83' lang='lat' dir='ltr'><strong>sacti</strong></span> <span class='ocrx_word' id='word_1_229' title='bbox 1120 3547 1200 3636; x_wconf 81' lang='lat'><strong>⁰⁰),</strong></span> <span class='ocrx_word' id='word_1_230' title='bbox 1214 3571 1300 3618; x_wconf 83' lang='lat' dir='ltr'><strong>noca</strong></span> <span class='ocrx_word' id='word_1_231' title='bbox 1320 3551 1478 3618; x_wconf 72' lang='lat' dir='ltr'><strong>uectura</strong></span> <span class='ocrx_word' id='word_1_232' title='bbox 1491 3544 1560 3633; x_wconf 89' lang='lat'><strong>⁷⁰),</strong></span> <span class='ocrx_word' id='word_1_233' title='bbox 1581 3545 1763 3640; x_wconf 75' lang='lat' dir='ltr'><strong>Deiopea,</strong></span> 
     </span>
     <span class='ocr_line' id='line_1_25' title="bbox 245 3661 1761 3762; baseline 0 -28"><span class='ocrx_word' id='word_1_234' title='bbox 245 3663 294 3734; x_wconf 84' lang='lat' dir='ltr'><strong>ad</strong></span> <span class='ocrx_word' id='word_1_235' title='bbox 310 3669 401 3734; x_wconf 85' lang='lat' dir='ltr'><strong>recte</strong></span> <span class='ocrx_word' id='word_1_236' title='bbox 413 3666 519 3756; x_wconf 83' lang='lat' dir='ltr'><strong>foetu</strong></span> <span class='ocrx_word' id='word_1_237' title='bbox 541 3665 579 3735; x_wconf 83' lang='lat' dir='ltr'><strong>iu</strong></span> <span class='ocrx_word' id='word_1_238' title='bbox 598 3662 764 3736; x_wconf 83' lang='lat' dir='ltr'><strong>Onn1sro</strong></span> <span class='ocrx_word' id='word_1_239' title='bbox 787 3662 875 3736; x_wconf 86' lang='lat' dir='ltr'><strong>Insn</strong></span> <span class='ocrx_word' id='word_1_240' title='bbox 898 3665 1025 3735; x_wconf 75' lang='lat' dir='ltr'><strong>conditi</strong></span> <span class='ocrx_word' id='word_1_241' title='bbox 1045 3662 1105 3751; x_wconf 86' lang='grc'><strong>71).</strong></span> <span class='ocrx_word' id='word_1_242' title='bbox 1155 3661 1375 3759; x_wconf 84' lang='lat' dir='ltr'><strong>Paupcrum,</strong></span> <span class='ocrx_word' id='word_1_243' title='bbox 1401 3661 1677 3762; x_wconf 88' lang='lat' dir='ltr'><strong>aegrotantium,</strong></span> <span class='ocrx_word' id='word_1_244' title='bbox 1702 3686 1761 3759; x_wconf 89' lang='lat' dir='ltr'><strong>pa-</strong></span> 
     </span>
     <span class='ocr_line' id='line_1_26' title="bbox 245 3779 1763 3887; baseline 0.001 -35"><span class='ocrx_word' id='word_1_245' title='bbox 245 3780 402 3853; x_wconf 89' lang='lat' dir='ltr'><strong>rentibus</strong></span> <span class='ocrx_word' id='word_1_246' title='bbox 426 3779 645 3871; x_wconf 87' lang='lat' dir='ltr'><strong>orbatorum,</strong></span> <span class='ocrx_word' id='word_1_247' title='bbox 677 3781 957 3879; x_wconf 87' lang='lat' dir='ltr'><strong>peregrinorum,</strong></span> <span class='ocrx_word' id='word_1_248' title='bbox 990 3779 1204 3887; x_wconf 88' lang='lat' dir='ltr'><strong>captivorum</strong></span> <span class='ocrx_word' id='word_1_249' title='bbox 1235 3804 1352 3855; x_wconf 87' lang='lat' dir='ltr'><strong>curam</strong></span> <span class='ocrx_word' id='word_1_250' title='bbox 1379 3781 1565 3879; x_wconf 88' lang='lat' dir='ltr'><strong>gerebant,</strong></span> <span class='ocrx_word' id='word_1_251' title='bbox 1596 3787 1763 3878; x_wconf 89' lang='lat' dir='ltr'><strong>tantoque</strong></span> 
     </span>
     <span class='ocr_line' id='line_1_27' title="bbox 246 3898 1763 4000; baseline 0 -25"><span class='ocrx_word' id='word_1_252' title='bbox 246 3925 282 3975; x_wconf 89' lang='lat' dir='ltr'><strong>se</strong></span> <span class='ocrx_word' id='word_1_253' title='bbox 312 3899 460 3975; x_wconf 89' lang='lat' dir='ltr'><strong>invicem</strong></span> <span class='ocrx_word' id='word_1_254' title='bbox 487 3898 785 3999; x_wconf 89' lang='lat' dir='ltr'><strong>prosequebantur</strong></span> <span class='ocrx_word' id='word_1_255' title='bbox 817 3921 952 3983; x_wconf 88' lang='lat' dir='ltr'><strong>amore,</strong></span> <span class='ocrx_word' id='word_1_256' title='bbox 989 3906 1029 3971; x_wconf 92' lang='lat' dir='ltr'><strong>nt</strong></span> <span class='ocrx_word' id='word_1_257' title='bbox 1054 3906 1196 3997; x_wconf 88' lang='lat' dir='ltr'><strong>gentes,</strong></span> <span class='ocrx_word' id='word_1_258' title='bbox 1230 3899 1265 3971; x_wconf 95' lang='lat' dir='ltr'><strong>in</strong></span> <span class='ocrx_word' id='word_1_259' title='bbox 1292 3899 1556 3974; x_wconf 88' lang='lat' dir='ltr'><strong>admirationem</strong></span> <span class='ocrx_word' id='word_1_260' title='bbox 1581 3899 1763 4000; x_wconf 88' lang='lat' dir='ltr'><strong>abreptae,</strong></span> 
     </span>
     <span class='ocr_line' id='line_1_28' title="bbox 246 4017 1764 4119; baseline 0.003 -27"><span class='ocrx_word' id='word_1_261' title='bbox 246 4020 495 4095; x_wconf 84' lang='lat' dir='ltr'><strong>exclamarent:</strong></span> <span class='ocrx_word' id='word_1_262' title='bbox 534 4044 655 4106; x_wconf 76' lang='lat' dir='ltr'><strong>eecce,</strong></span> <span class='ocrx_word' id='word_1_263' title='bbox 687 4024 898 4117; x_wconf 89' lang='lat' dir='ltr'><strong>quantopere</strong></span> <span class='ocrx_word' id='word_1_264' title='bbox 932 4043 968 4092; x_wconf 91' lang='lat' dir='ltr'><strong>se</strong></span> <span class='ocrx_word' id='word_1_265' title='bbox 999 4025 1124 4091; x_wconf 90' lang='lat' dir='ltr'><strong>mutuo</strong></span> <span class='ocrx_word' id='word_1_266' title='bbox 1148 4017 1315 4117; x_wconf 88' lang='lat' dir='ltr'><strong>diligant,</strong></span> <span class='ocrx_word' id='word_1_267' title='bbox 1351 4020 1462 4118; x_wconf 87' lang='lat' dir='ltr'><strong>parati</strong></span> <span class='ocrx_word' id='word_1_268' title='bbox 1492 4020 1580 4094; x_wconf 91' lang='lat' dir='ltr'><strong>alius</strong></span> <span class='ocrx_word' id='word_1_269' title='bbox 1606 4045 1669 4119; x_wconf 91' lang='lat' dir='ltr'><strong>pro</strong></span> <span class='ocrx_word' id='word_1_270' title='bbox 1696 4021 1764 4096; x_wconf 92' lang='lat' dir='ltr'><strong>alio</strong></span> 
     </span>
     <span class='ocr_line' id='line_1_29' title="bbox 249 4138 1762 4238; baseline 0.004 -30"><span class='ocrx_word' id='word_1_271' title='bbox 249 4140 400 4214; x_wconf 76' lang='lat' dir='ltr'><strong>nemori”</strong></span> <span class='ocrx_word' id='word_1_272' title='bbox 416 4139 477 4230; x_wconf 63' lang='grc'><strong>73).</strong></span> <span class='ocrx_word' id='word_1_273' title='bbox 529 4138 604 4212; x_wconf 89' lang='lat' dir='ltr'><strong>Nee</strong></span> <span class='ocrx_word' id='word_1_274' title='bbox 625 4139 746 4212; x_wconf 89' lang='lat' dir='ltr'><strong>fratres</strong></span> <span class='ocrx_word' id='word_1_275' title='bbox 772 4145 931 4226; x_wconf 91' lang='lat' dir='ltr'><strong>tantum,</strong></span> <span class='ocrx_word' id='word_1_276' title='bbox 957 4138 1019 4212; x_wconf 87' lang='lat' dir='ltr'><strong>sed</strong></span> <span class='ocrx_word' id='word_1_277' title='bbox 1046 4161 1166 4213; x_wconf 91' lang='lat' dir='ltr'><strong>omnes</strong></span> <span class='ocrx_word' id='word_1_278' title='bbox 1187 4140 1329 4213; x_wconf 91' lang='lat' dir='ltr'><strong>omnino</strong></span> <span class='ocrx_word' id='word_1_279' title='bbox 1355 4139 1533 4227; x_wconf 89' lang='lat' dir='ltr'><strong>homines,</strong></span> <span class='ocrx_word' id='word_1_280' title='bbox 1556 4139 1650 4238; x_wconf 87' lang='lat' dir='ltr'><strong>ipsos</strong></span> <span class='ocrx_word' id='word_1_281' title='bbox 1676 4140 1762 4214; x_wconf 90' lang='lat' dir='ltr'><strong>adeo</strong></span> 
     </span>
    </p>
   </div>
   <div class='ocr_carea' id='block_1_3' title="bbox 244 4256 1887 4360">
    <p class='ocr_par' dir='ltr' id='par_1_3' title="bbox 244 4256 1887 4360">
     <span class='ocr_line' id='line_1_30' title="bbox 244 4256 1887 4360; baseline 0.002 -28"><span class='ocrx_word' id='word_1_282' title='bbox 244 4258 423 4347; x_wconf 90' lang='lat' dir='ltr'><strong>inimicos,</strong></span> <span class='ocrx_word' id='word_1_283' title='bbox 447 4282 583 4333; x_wconf 91' lang='lat' dir='ltr'><strong>summo</strong></span> <span class='ocrx_word' id='word_1_284' title='bbox 607 4256 922 4358; x_wconf 84' lang='lat' dir='ltr'><strong>complectebantur</strong></span> <span class='ocrx_word' id='word_1_285' title='bbox 942 4282 1067 4334; x_wconf 89' lang='lat' dir='ltr'><strong>amore.</strong></span> <span class='ocrx_word' id='word_1_286' title='bbox 1120 4260 1197 4347; x_wconf 85' lang='lat' dir='ltr'><strong>Sic,</strong></span> <span class='ocrx_word' id='word_1_287' title='bbox 1223 4269 1305 4335; x_wconf 90' lang='lat' dir='ltr'><strong>ute</strong></span> <span class='ocrx_word' id='word_1_288' title='bbox 1330 4261 1489 4360; x_wconf 82' lang='lat' dir='ltr'><strong>pluribus</strong></span> <span class='ocrx_word' id='word_1_289' title='bbox 1514 4282 1624 4334; x_wconf 91' lang='lat' dir='ltr'><strong>unum</strong></span> <span class='ocrx_word' id='word_1_290' title='bbox 1650 4261 1761 4335; x_wconf 89' lang='lat' dir='ltr'><strong>addu·</strong></span> <span class='ocrx_word' id='word_1_291' title='bbox 1883 4271 1887 4279; x_wconf 84' lang='lat'>&#39;</span> 
     </span>
    </p>
   </div>
   <div class='ocr_carea' id='block_1_4' title="bbox 246 4377 1763 4958">
    <p class='ocr_par' dir='ltr' id='par_1_4' title="bbox 246 4377 1763 4958">
     <span class='ocr_line' id='line_1_31' title="bbox 247 4377 1762 4480; baseline 0.002 -30"><span class='ocrx_word' id='word_1_292' title='bbox 247 4403 325 4451; x_wconf 89' lang='lat' dir='ltr'><strong>cam</strong></span> <span class='ocrx_word' id='word_1_293' title='bbox 350 4379 520 4476; x_wconf 87' lang='lat' dir='ltr'><strong>praeclare</strong></span> <span class='ocrx_word' id='word_1_294' title='bbox 539 4377 690 4465; x_wconf 87' lang='lat' dir='ltr'><strong>factum,</strong></span> <span class='ocrx_word' id='word_1_295' title='bbox 709 4378 908 4453; x_wconf 89' lang='lat' dir='ltr'><strong>dominante</strong></span> <span class='ocrx_word' id='word_1_296' title='bbox 922 4379 1220 4455; x_wconf 83' lang='lat' dir='ltr'><strong>vehementissima</strong></span> <span class='ocrx_word' id='word_1_297' title='bbox 1241 4389 1337 4479; x_wconf 90' lang='lat' dir='ltr'><strong>peste</strong></span> <span class='ocrx_word' id='word_1_298' title='bbox 1358 4383 1581 4480; x_wconf 67' lang='lat' dir='ltr'><strong>Carthagine,</strong></span> <span class='ocrx_word' id='word_1_299' title='bbox 1606 4380 1680 4457; x_wconf 84' lang='lat' dir='ltr'><strong>Sec.</strong></span> <span class='ocrx_word' id='word_1_300' title='bbox 1703 4381 1762 4454; x_wconf 88' lang='lat' dir='ltr'><strong>III</strong></span> 
     </span>
     <span class='ocr_line' id='line_1_32' title="bbox 248 4497 1762 4598; baseline 0.001 -29"><span class='ocrx_word' id='word_1_301' title='bbox 248 4497 364 4570; x_wconf 91' lang='lat' dir='ltr'><strong>medio</strong></span> <span class='ocrx_word' id='word_1_302' title='bbox 390 4503 434 4588; x_wconf 88' lang='lat' dir='ltr'><strong>(a.</strong></span> <span class='ocrx_word' id='word_1_303' title='bbox 452 4500 560 4588; x_wconf 80' lang='lat'><strong>251),</strong></span> <span class='ocrx_word' id='word_1_304' title='bbox 585 4499 857 4596; x_wconf 88' lang='lat' dir='ltr'><strong>aegrotantium,</strong></span> <span class='ocrx_word' id='word_1_305' title='bbox 882 4498 943 4597; x_wconf 91' lang='lat' dir='ltr'><strong>qui</strong></span> <span class='ocrx_word' id='word_1_306' title='bbox 963 4525 984 4574; x_wconf 94' lang='lat' dir='ltr'><strong>a</strong></span> <span class='ocrx_word' id='word_1_307' title='bbox 1004 4500 1076 4574; x_wconf 92' lang='lat' dir='ltr'><strong>snis</strong></span> <span class='ocrx_word' id='word_1_308' title='bbox 1098 4498 1383 4598; x_wconf 88' lang='lat' dir='ltr'><strong>negligebantur,</strong></span> <span class='ocrx_word' id='word_1_309' title='bbox 1408 4498 1642 4573; x_wconf 87' lang='lat' dir='ltr'><strong>misericordia</strong></span> <span class='ocrx_word' id='word_1_310' title='bbox 1660 4499 1762 4586; x_wconf 90' lang='lat' dir='ltr'><strong>moti,</strong></span> 
     </span>
     <span class='ocr_line' id='line_1_33' title="bbox 246 4615 1763 4717; baseline 0.001 -28"><span class='ocrx_word' id='word_1_311' title='bbox 246 4638 365 4690; x_wconf 89' lang='lat' dir='ltr'><strong>curam</strong></span> <span class='ocrx_word' id='word_1_312' title='bbox 390 4615 557 4716; x_wconf 89' lang='lat' dir='ltr'><strong>gerebant</strong></span> <span class='ocrx_word' id='word_1_313' title='bbox 578 4618 639 4711; x_wconf 78' lang='lat'><strong>⁷⁸).</strong></span> <span class='ocrx_word' id='word_1_314' title='bbox 690 4618 812 4697; x_wconf 77' lang='lat' dir='ltr'><strong>Quid?</strong></span> <span class='ocrx_word' id='word_1_315' title='bbox 837 4618 932 4717; x_wconf 90' lang='lat' dir='ltr'><strong>quod</strong></span> <span class='ocrx_word' id='word_1_316' title='bbox 956 4619 993 4692; x_wconf 94' lang='lat' dir='ltr'><strong>in</strong></span> <span class='ocrx_word' id='word_1_317' title='bbox 1017 4617 1190 4692; x_wconf 88' lang='lat' dir='ltr'><strong>dirissima</strong></span> <span class='ocrx_word' id='word_1_318' title='bbox 1215 4642 1372 4716; x_wconf 89' lang='lat' dir='ltr'><strong>quaeque</strong></span> <span class='ocrx_word' id='word_1_319' title='bbox 1394 4642 1505 4717; x_wconf 90' lang='lat' dir='ltr'><strong>aequo</strong></span> <span class='ocrx_word' id='word_1_320' title='bbox 1529 4625 1633 4715; x_wconf 91' lang='lat' dir='ltr'><strong>atque</strong></span> <span class='ocrx_word' id='word_1_321' title='bbox 1661 4617 1763 4691; x_wconf 87' lang='lat' dir='ltr'><strong>alacri</strong></span> 
     </span>
     <span class='ocr_line' id='line_1_34' title="bbox 246 4735 1762 4836; baseline 0.003 -28"><span class='ocrx_word' id='word_1_322' title='bbox 246 4735 362 4808; x_wconf 90' lang='lat' dir='ltr'><strong>animo</strong></span> <span class='ocrx_word' id='word_1_323' title='bbox 387 4736 555 4833; x_wconf 84' lang='lat' dir='ltr'><strong>potiundo</strong></span> <span class='ocrx_word' id='word_1_324' title='bbox 575 4738 657 4813; x_wconf 91' lang='lat' dir='ltr'><strong>fidei</strong></span> <span class='ocrx_word' id='word_1_325' title='bbox 678 4762 761 4812; x_wconf 90' lang='lat' dir='ltr'><strong>suae</strong></span> <span class='ocrx_word' id='word_1_326' title='bbox 782 4738 849 4811; x_wconf 90' lang='lat' dir='ltr'><strong>vim</strong></span> <span class='ocrx_word' id='word_1_327' title='bbox 873 4745 910 4810; x_wconf 90' lang='lat' dir='ltr'><strong>et</strong></span> <span class='ocrx_word' id='word_1_328' title='bbox 930 4738 1183 4824; x_wconf 87' lang='lat' dir='ltr'><strong>efficacitatem,</strong></span> <span class='ocrx_word' id='word_1_329' title='bbox 1209 4737 1364 4836; x_wconf 89' lang='lat' dir='ltr'><strong>adeoque</strong></span> <span class='ocrx_word' id='word_1_330' title='bbox 1383 4762 1498 4813; x_wconf 88' lang='lat' dir='ltr'><strong>veram</strong></span> <span class='ocrx_word' id='word_1_331' title='bbox 1516 4738 1591 4812; x_wconf 91' lang='lat' dir='ltr'><strong>eius</strong></span> <span class='ocrx_word' id='word_1_332' title='bbox 1611 4736 1762 4812; x_wconf 92' lang='lat' dir='ltr'><strong>indolem</strong></span> 
     </span>
     <span class='ocr_line' id='line_1_35' title="bbox 246 4854 1759 4958; baseline 0.002 -29"><span class='ocrx_word' id='word_1_333' title='bbox 246 4854 409 4930; x_wconf 87' lang='lat' dir='ltr'><strong>omnibus</strong></span> <span class='ocrx_word' id='word_1_334' title='bbox 427 4859 542 4956; x_wconf 91' lang='lat' dir='ltr'><strong>palam</strong></span> <span class='ocrx_word' id='word_1_335' title='bbox 566 4858 748 4934; x_wconf 87' lang='lat' dir='ltr'><strong>faciebant.</strong></span> <span class='ocrx_word' id='word_1_336' title='bbox 784 4859 904 4932; x_wconf 82' lang='lat' dir='ltr'><strong>Testes</strong></span> <span class='ocrx_word' id='word_1_337' title='bbox 926 4864 1008 4931; x_wconf 90' lang='lat' dir='ltr'><strong>sunt</strong></span> <span class='ocrx_word' id='word_1_338' title='bbox 1030 4856 1206 4955; x_wconf 79' lang='lat' dir='ltr'><strong>Apostoli,</strong></span> <span class='ocrx_word' id='word_1_339' title='bbox 1233 4881 1379 4956; x_wconf 87' lang='lat' dir='ltr'><strong>magnus</strong></span> <span class='ocrx_word' id='word_1_340' title='bbox 1397 4857 1434 4931; x_wconf 95' lang='lat' dir='ltr'><strong>in</strong></span> <span class='ocrx_word' id='word_1_341' title='bbox 1456 4857 1577 4958; x_wconf 86' lang='lat' dir='ltr'><strong>primis</strong></span> <span class='ocrx_word' id='word_1_342' title='bbox 1597 4857 1654 4931; x_wconf 91' lang='lat' dir='ltr'><strong>ille</strong></span> <span class='ocrx_word' id='word_1_343' title='bbox 1677 4883 1759 4956; x_wconf 89' lang='lat' dir='ltr'><strong>gen·</strong></span> 
     </span>
    </p>
   </div>
   <div class='ocr_carea' id='block_1_5' title="bbox 0 0 2462 6180">
    <p class='ocr_par' dir='ltr' id='par_1_5' title="bbox 0 0 2462 6180">
     <span class='ocr_line' id='line_1_36' title="bbox 0 0 2462 6180; baseline 0 0"><span class='ocrx_word' id='word_1_344' title='bbox 0 0 2462 6180; x_wconf 95' lang='lat' dir='ltr'><strong> </strong></span> 
     </span>
    </p>
   </div>
  </div>
 </body>
</html>
