4892 6184
880 704 1010 771 oua
1034 709 1058 771 Τ
1083 706 1159 774 10.
1435 758 1440 769 .
1698 712 1776 777 ‘293

308 908 471 985 Afferunt
489 914 622 996 autem,
647 907 859 1008 quicumque
878 910 933 986 his
952 912 1076 989 litteris
1098 904 1317 991 adversantes
1338 915 1382 990 de
1404 924 1512 991 semet
1530 914 1613 1015 ipsis
1632 913 1776 1015 aliisque

260 1029 380 1103 multis
409 1028 563 1115 solliciti,
597 1036 634 1102 at
664 1052 844 1127 perperam
871 1031 982 1105 securi
1014 1033 1058 1108 de
1084 1034 1186 1133 longa
1209 1033 1389 1134 pluribus,
1412 1035 1575 1109 omnibus
1597 1034 1777 1133 hucusque

259 1148 370 1223 allatis
403 1148 554 1222 necdum
586 1146 842 1247 obtemperant,
875 1151 946 1225 duc
972 1176 1046 1228 asse
1072 1153 1126 1228 val
1151 1154 1259 1228 immo
1289 1154 1373 1242 tria,
1399 1160 1488 1253 qu'ue
1513 1162 1593 1254 apte
1621 1161 1656 1229 at
1677 1155 1777 1229 Latio

261 1277 298 1340 et
324 1267 488 1341 Graeciae
513 1267 709 1343 succedant
748 1267 971 1345 instituendi
995 1279 1078 1346 sunt
1103 1273 1222 1372 pueri,
1247 1272 1431 1371 inquiunt,
1456 1274 1580 1347 studiis
1607 1274 1774 1373 physicis,

258 1384 367 1459 nostri
400 1410 502 1485 porro
534 1386 722 1473 sermonis,
754 1384 908 1484 ipsarum
929 1389 1087 1478 deinde,
1121 1415 1208 1488 quas
1234 1392 1338 1466 modo
1363 1392 1521 1481 laudavi,
1547 1395 1775 1469 recentiorum

259 1504 460 1580 litterarum.
511 1506 618 1583 Quod
641 1505 715 1579 sine
745 1504 852 1580 dubio
879 1530 998 1582 verum
1030 1517 1102 1584 est:
1136 1508 1211 1584 fieri
1235 1510 1265 1583 si
1291 1511 1436 1608 poterit,
1461 1519 1497 1585 et
1526 1512 1700 1587 hodiernis
1721 1514 1774 1587 in·

258 1647 362 1722 super
396 1624 498 1712 eddi,
530 1625 567 1699 id
599 1633 639 1700 ut
669 1624 731 1722 qui
756 1626 905 1700 maxime
934 1627 1097 1727 probabo.
1157 1628 1269 1703 Miror
1291 1628 1385 1703 enim
1409 1637 1444 1703 et
1467 1632 1624 1729 quamvis
1650 1630 1773 1730 hospes

258 1766 466 1842 magnopere
499 1768 577 1819 amo
610 1744 807 1843 disciplinas
842 1745 926 1819 istas
953 1747 1129 1846 physicas,
1163 1746 1292 1845 quibus
1325 1747 1401 1822 iure
1426 1749 1592 1847 gloriatur
1616 1758 1773 1839 nostrum

257 1885 379 1935 aevum
391 1895 400 1949 ;
432 1886 625 1937 sermonem
655 1861 807 1961 patrium
838 1864 963 1963 diligo,
997 1872 1176 1965 tamquam
1210 1866 1352 1941 unicum
1383 1892 1480 1956 eum,
1506 1893 1575 1967 quo
1602 1870 1775 1967 possimus

256 1982 311 2053 vel
340 1979 614 2055 exercitatissimi
646 1978 797 2079 cogitata
827 1992 944 2058 nostra
976 1990 1068 2059 recte
1096 1986 1231 2061 tradere
1255 1994 1291 2059 et
1312 1986 1499 2071 ,nobiscum
1527 1988 1672 2063 invicem
1698 2012 1776 2063 vara

256 2123 319 2174 nec
351 2099 496 2175 distorta
526 2100 711 2198 fucataque
741 2104 1010 2192 communicare,
1037 2104 1081 2178 da
1103 2104 1226 2178 litteris
1257 2108 1522 2215 recentioribus,
1549 2110 1622 2183 sine
1645 2108 1773 2206 quibus

254 2219 406 2318 torpebit
429 2221 514 2293 haec
536 2219 647 2318 patria
670 2242 803 2318 nosque
824 2223 911 2323 ipsi,
936 2222 1078 2298 verbum
1098 2230 1140 2298 ut
1162 2223 1312 2324 amphus
1331 2226 1458 2300 addam
1482 2250 1772 2325 supervacaneum

255 2349 355 2415 esset.
405 2342 536 2415 Verum
559 2349 601 2415 ut
627 2341 681 2415 his
710 2341 900 2416 iuventutis
926 2340 1089 2429 selectae,
1114 2347 1150 2415 et
1178 2340 1250 2415 lare
1273 2340 1487 2417 academicae
1516 2342 1653 2419 laturae
1676 2344 1774 2418 iusti·

254 2461 345 2533 tutio
373 2467 649 2559 superstruatur,
681 2460 779 2534 iuxta
807 2483 888 2534 cum
912 2457 1128 2535 invitissimis
1157 2458 1369 2558 repugnabo.
1420 2460 1458 2533 Si
1483 2459 1590 2534 velint
1618 2460 1774 2535 homines

254 2577 382 2666 nostri,
417 2588 459 2652 ut
494 2603 608 2653 rerum
644 2589 803 2654 naturam
844 2579 1066 2678 acquirentes
1098 2577 1297 2676 disciplinas
1340 2589 1582 2677 promoveant,
1620 2604 1774 2655 summas
1885 2569 1891 2590 ¹

254 2696 431 2771 effundere
454 2698 619 2797 pecuniae
641 2698 873 2773 intolerabiles
898 2708 934 2775 et
956 2724 1047 2799 quae
1067 2697 1210 2797 cogitari
1232 2697 1288 2772 vir
1311 2700 1460 2795 queant,
1487 2699 1516 2773 si
1540 2700 1620 2774 velit
1642 2700 1774 2775 indoles

255 2817 407 2894 hnmana
439 2819 585 2906 mutari,
617 2827 653 2892 et
684 2818 784 2917 pnari
819 2818 914 2893 hisce
947 2818 1094 2894 libenter
1127 2841 1266 2917 operam
1298 2816 1497 2915 impendere
1523 2826 1558 2892 et
1584 2818 1775 2919 intelligere

253 2936 349 3035 ipsa,
374 2937 583 3036 simulatque
606 2964 628 3013 a
651 2937 764 3013 fallaci
788 2945 824 3011 et
845 2937 1039 3013 brevissimi
1065 2937 1231 3037 temporis
1255 2935 1508 3010 oblectamento
1532 2936 1569 3009 in
1594 2961 1711 3012 savara
1740 2948 1776 3011 at

255 3054 334 3129 ideo
364 3081 442 3131 vara
474 3058 590 3131 studia
618 3068 787 3156 pergunt,
821 3080 891 3130 non
926 3057 1047 3144 obsto,
1083 3058 1145 3131 sed
1177 3079 1240 3130 cur
1269 3054 1446 3142 resistam,
1484 3054 1568 3129 haec
1596 3055 1679 3129 satis
1704 3046 1775 3129 iam

254 3176 416 3273 produnt.
467 3175 505 3249 Si
525 3175 562 3250 id
584 3168 778 3274 queruntur
797 3176 975 3273 aequales,
1001 3200 1192 3251 sermonem
1215 3174 1368 3273 patrium
1388 3197 1458 3247 non
1481 3173 1565 3249 satis
1586 3174 1622 3247 in
1648 3174 1773 3273 vulgus
1820 3206 1823 3213 ·

254 3296 370 3383 nosci,
397 3296 640 3371 assentientem
664 3293 954 3381 hahebuutt'etsi
979 3320 1086 3392 quam
1108 3295 1258 3368 maxime
1278 3293 1425 3378 nollem,
1457 3292 1519 3365 scd
1542 3292 1579 3366 id
1602 3292 1639 3364 in
1661 3294 1772 3389 prima

254 3414 422 3513 pueritiae
442 3422 599 3513 tempora
621 3412 845 3488 reiiciendum
871 3417 946 3497 est,
971 3412 1105 3485 atinde
1122 3410 1218 3508 qnod
1237 3409 1459 3483 maturiorem
1478 3418 1633 3483 exerceat
1651 3410 1771 3485 iuven·

254 3540 368 3607 tutem
400 3533 472 3631 peti
502 3534 646 3631 nequit,
679 3531 750 3605 nisi
777 3530 972 3605 recidamus
1000 3528 1036 3602 in
1061 3530 1118 3617 id,
1143 3529 1187 3602 da
1214 3553 1285 3628 quo
1314 3528 1432 3602 statim
1461 3528 1584 3605 dicam.
1636 3530 1769 3605 Rauen

256 3653 360 3727 tiores
381 3652 506 3727 deiude
526 3653 659 3726 litterae
677 3650 883 3737 doceantur,
907 3648 969 3723 sed
985 3648 1030 3723 sd
1048 3672 1152 3724 usum
1172 3647 1436 3747 quotidianum,
1461 3646 1641 3748 ingenium
1652 3656 1769 3724 autam

257 3795 456 3846 sermonum
483 3796 671 3872 eorumque
692 3778 728 3846 et
750 3770 918 3871 originem
941 3778 978 3843 et
997 3794 1098 3844 casus
1117 3768 1318 3867 anquirere,
1343 3766 1381 3841 id
1401 3774 1464 3841 aut
1486 3768 1611 3843 studiis
1630 3768 1767 3867 elegen·

258 3892 385 3965 tiorum
419 3891 634 3990 quorundam
668 3891 878 3990 privatorum
912 3888 1177 3988 relinquendum
1212 3893 1286 3973 est,
1324 3892 1386 3961 aut
1420 3887 1637 3987 paucissimis
1670 3890 1767 3979 istis,

255 4036 344 4111 quos
381 4036 477 4086 amor
506 4010 603 4085 dnus
631 4010 848 4111 intelligendi
868 4009 945 4109 ipsa
967 4008 1051 4084 haec
1073 4008 1126 4082 vel
1149 4001 1276 4081 invitos
1301 4004 1372 4079 lere
1397 4006 1511 4105 cogit,
1537 4014 1578 4081 ut
1600 4008 1693 4083 hisce
1714 4010 1766 4083 iu-

254 4131 433 4207 cumbant.
484 4131 578 4207 Solet
614 4139 731 4206 autam
762 4130 833 4205 iam
861 4129 900 4203 in
930 4128 1046 4204 studio
1072 4125 1280 4214 tumnostri
1303 4126 1470 4201 sermonis
1493 4133 1569 4202 tum
1588 4138 1763 4204 extraneo·
1909 4176 1913 4183 ·

254 4274 333 4325 rum
363 4251 401 4325 id
433 4251 503 4326 lere
533 4251 684 4351 peccari,
721 4257 762 4325 ut
795 4248 975 4325 deficiente
1003 4250 1040 4324 in
1075 4247 1273 4323 necessariis
1304 4244 1467 4335 materia,
1500 4269 1607 4345 quam
1637 4245 1766 4323 scilicet

255 4371 396 4444 iuvenes
425 4370 497 4444 lere
527 4370 639 4445 adulti
668 4363 877 4460 doceantur,
897 4368 1103 4444 intrinsecus
1125 4372 1306 4468 penetrent
1330 4365 1508 4456 doctores,
1532 4373 1568 4440 et
1591 4365 1765 4466 quidquid

256 4488 422 4562 remotius
444 4488 530 4587 ipsis
551 4488 737 4587 placuerit,
760 4489 862 4564 idem·
878 4477 1058 4589 discipulis
1080 4489 1228 4564 tradant.
1277 4485 1372 4560 Huic
1393 4485 1501 4585 igitur
1520 4488 1610 4561 malo
1627 4486 1764 4563 obviam

257 4606 412 4679 eundum
449 4613 513 4680 est.
563 4604 724 4681 Concedo
751 4605 932 4696 facillime,
964 4616 1006 4682 ut
1026 4608 1080 4682 his
1099 4605 1299 4706 praesertim
1322 4604 1537 4705 temporibus
1561 4605 1663 4680 multi
1683 4630 1762 4681 con·
1794 4588 1800 4605 ’

254 4733 413 4798 temnant
444 4725 704 4801 Anaxaanann
734 4735 770 4801 at
797 4726 1017 4815 Cassianae,
1041 4726 1132 4803 bella
1152 4725 1481 4823 Peloponnesiacum
1502 4724 1763 4826 Punicumque,

253 4838 473 4920 Parthenone
507 4868 586 4919 cum
611 4843 789 4935 Colossae,
814 4844 970 4922 Athenas
997 4854 1034 4921 et
1065 4847 1232 4934 Romam,
1257 4867 1301 4920 ue
1326 4844 1589 4921 Aaananaoaa
1614 4844 1763 4923 Hancn-
