4892 6184
742 683 785 752 92
1321 685 1359 753 ll.
1400 688 1434 751 E.
1474 677 1676 753 VINKE

792 1012 883 1085 Sunt
917 1011 979 1110 qni
1007 1010 1237 1096 contendant,
1272 1011 1474 1086 servandam
1505 1033 1581 1084 esse
1601 1030 1640 1082 cc
1662 1003 1829 1080 tuendam
1851 1002 2024 1078 Ecclesiae
2043 1001 2255 1089 doctrinam,

679 1183 685 1197 .
742 1131 779 1203 in
812 1128 908 1204 libris
943 1130 1018 1203 eius
1046 1127 1244 1226 symbolicis
1274 1129 1485 1228 expositam,
1516 1130 1605 1202 hanc
1631 1123 1835 1199 tradendam
1857 1148 1932 1197 esse
1954 1123 1999 1197 ab
2023 1145 2255 1220 unoquoque,

741 1243 803 1345 qui
835 1248 889 1320 vel
917 1271 1091 1323 sacrorum
1123 1245 1322 1336 Antistitis,
1358 1248 1412 1323 vel
1437 1245 1642 1323 Professoris
1675 1242 1858 1343 theologici
1880 1265 2022 1316 munere
2043 1243 2079 1316 in
2101 1241 2255 1316 Ecclesia

740 1373 857 1440 nostra
889 1365 990 1466 iungi
1019 1365 1119 1441 velit:
1154 1390 1282 1466 eosque
1314 1367 1419 1456 adeo,
1448 1367 1510 1466 qui
1542 1363 1749 1440 constitutae
1781 1362 1862 1437 huic
1885 1361 2057 1436 Ecclesiae
2080 1360 2254 1434 doctrinae

741 1485 955 1560 subscribere
985 1488 1117 1575 nolint,
1152 1513 1262 1587 quum
1292 1515 1313 1564 a
1345 1513 1424 1563 veno
1455 1513 1532 1563 eam
1561 1487 1718 1562 aberrare
1745 1481 1814 1557 sibi
1845 1480 2097 1580 persuaserint,
2127 1480 2180 1553 vel
2208 1479 2252 1551 ad

739 1629 889 1694 munus,
916 1631 987 1706 qno
1011 1606 1049 1682 in
1073 1607 1294 1682 commodum
1315 1609 1486 1684 Ecclesiae
1509 1605 1661 1681 functuri
1689 1603 1776 1690 sint,
1804 1625 1873 1675 non
1905 1599 2139 1674 admittendos
2156 1623 2250 1685 esse,

739 1725 815 1813 vel,
841 1725 871 1798 si
893 1725 1167 1826 coiungantur,
1195 1735 1316 1825 sponte
1341 1754 1404 1803 sua
1429 1729 1473 1802 de
1493 1728 1553 1803 illo
1575 1725 1741 1800 decedere
1768 1720 1915 1808 debere,
1942 1719 2059 1794 veleb
2080 1718 2251 1793 Ecclesiae

739 1845 1019 1920 Moderatoribus
1040 1847 1264 1922 removendos
1289 1871 1374 1921 esse.
1425 1848 1585 1925 Quorum
1611 1839 1789 1928 nonnulli,
1811 1837 2011 1938 paucissimi
2030 1835 2191 1936 quidem,
2216 1843 2252 1908 at

741 1963 901 2038 nonnulli
922 1971 1059 2055 tamen,
1083 1966 1325 2040 vindicandam
1347 1991 1422 2040 erse
1442 1964 1613 2040 Ecclesiae
1638 1959 1827 2036 doctrinam
1856 1963 2015 2044 monent,
2040 1955 2130 2030 hanc
2154 1955 2250 2028 unice
2396 1959 2397 1982 ¹

743 2083 789 2156 ob
816 2107 977 2173 causam,
1009 2085 1172 2184 quoniam
1199 2093 1254 2159 est
1276 2085 1449 2160 Ecclesiae
1474 2083 1647 2158 doctrina:
1683 2079 1742 2154 clii
1764 2101 1865 2166 vero,
1895 2078 1989 2175 iique
2012 2077 2114 2174 longe
2138 2075 2250 2174 plures

744 2227 908 2291 numero,
945 2203 1027 2303 qnia
1059 2227 1262 2302 persuasum
1295 2204 1380 2302 ipsis
1411 2212 1483 2291 est,
1517 2202 1684 2277 librorum
1714 2199 1980 2297 symbolicorum
2009 2204 2250 2298 argumentum

742 2342 822 2396 cum
856 2322 942 2396 sacri
971 2322 1110 2397 Codicis
1137 2323 1292 2398 doctrina
1316 2325 1419 2424 plene
1442 2323 1633 2398 convenire.
1683 2320 1753 2394 Sed
1780 2319 1842 2418 qui
1866 2319 2014 2417 priorem
2040 2318 2249 2416 amplectun-

740 2449 799 2514 tur
831 2442 1057 2530 sententiam,
1090 2441 1128 2514 et
1161 2442 1440 2518 Protestantismi
1471 2442 1638 2541 principio
1672 2463 1812 2540 prorsus
1846 2439 2063 2526 valedicunt,
2102 2437 2138 2511 et
2162 2438 2250 2536 ipsos

740 2561 860 2635 Patres
888 2560 1132 2635 Dordracenos
1164 2560 1233 2634 sibi
1265 2569 1498 2662 repugnantes
1532 2560 1681 2649 habent,
1717 2559 1847 2659 quippe
1876 2559 1939 2657 qui
1969 2541 2251 2657 unumquemque

744 2679 877 2776 Synodi
912 2679 1044 2753 socium
1078 2678 1144 2752 hoo
1166 2679 1242 2754 iure
1267 2681 1414 2757 iurando
1435 2681 1698 2756 obstrinxerint:
1739 2709 1756 2748 c
1764 2679 1934 2753 Promitte
1955 2702 2069 2754 coram
2089 2679 2180 2764 Deo,
2203 2718 2253 2732 -

745 2821 831 2870 ame
852 2798 889 2872 in
914 2803 987 2873 tota
1009 2797 1074 2874 hac
1100 2799 1256 2896 synodali
1279 2801 1431 2889 acdona,
1455 2846 1505 2862 --
1528 2825 1597 2876 non
1624 2801 1694 2875 ulla
1716 2799 1842 2898 scripta
1865 2799 2037 2886 hnmana,
2061 2797 2123 2871 sed
2138 2795 2250 2870 solnm

745 2947 765 2986 a
775 2916 845 2991 Dei
872 2917 1015 2993 verbum
1047 2942 1110 3016 pro
1138 2925 1231 2994 certa
1263 2945 1303 2996 ac
1335 2920 1532 2996 indubitata
1565 2921 1649 2994 fidei
1676 2913 1796 3018 regula
1826 2917 2066 2994 adhibiturum
2076 2919 2110 3005 ,''
2141 2938 2248 3012 neque

741 3037 936 3114 examinare
967 3044 1142 3138 acceptam
1171 3037 1215 3112 ab
1244 3039 1397 3116 Ecclesia
1424 3039 1579 3114 doctrina
1607 3038 1851 3114 dubitaverint.
1898 3037 2021 3116 Quid?
2051 3036 2166 3136 qnod,
2192 3035 2249 3108 cd·

742 3157 848 3231 missa
873 3157 1011 3233 illorum
1032 3157 1222 3245 sententia,
1251 3159 1347 3234 nulla
1369 3183 1537 3259 umquam
1559 3159 1748 3234 exstitisset
1770 3183 1816 3236 ss.
1842 3157 2045 3233 instauratio
2058 3157 2137 3249 ¹³⁰).
2179 3154 2250 3234 Qui

744 3284 862 3350 autem
891 3275 1112 3376 posteriorem
1142 3286 1364 3377 propugnant
1387 3279 1615 3370 sententiam,
1652 3302 1715 3378 pro
1741 3301 1821 3356 vero
1842 3276 1993 3365 habent,
2027 3281 2247 3376 ponuntque,

741 3395 835 3492 quod
859 3395 936 3483 alii,
969 3395 1064 3494 iique
1089 3403 1180 3470 certe
1207 3396 1303 3472 haud
1329 3397 1508 3498 panciores
1530 3422 1692 3485 numero,
1719 3397 1921 3496 negandum
1945 3421 2020 3472 esse
2043 3396 2246 3470 existimant.

739 3514 837 3590 Quid
870 3513 1007 3613 igitur?
1046 3514 1145 3589 Num
1179 3517 1435 3592 convocandam
1461 3543 1535 3592 esse
1560 3517 1706 3592 moestis
1733 3517 1876 3592 alteram
1899 3516 2079 3614 Synodum
2102 3515 2247 3589 Dordro·

740 3657 883 3723 cenam,
914 3657 1003 3730 quae
1031 3658 1113 3708 cum
1141 3635 1185 3709 de
1214 3635 1382 3714 librorum
1407 3637 1672 3735 symbolicorum
1698 3637 1874 3726 doctrina,
1907 3644 1984 3710 tum
2012 3635 2056 3709 de
2081 3659 2250 3710 sacrorum

741 3750 971 3826 Antistitibus
1005 3760 1040 3825 et
1073 3753 1280 3853 Theolcgiae
1301 3751 1556 3831 Professoribus
1578 3755 1747 3832 iudicium
1771 3756 1882 3832 ferat?
1921 3753 2076 3842 Dubito,
2107 3779 2153 3829 an
2177 3779 2249 3853 gra·

742 3879 820 3943 tum
841 3869 929 3943 foret
949 3868 1038 3942 illud
1060 3878 1330 3970 acceptumque,
1353 3875 1390 3948 in
1408 3876 1580 3975 praesenti
1600 3899 1715 3951 rerum
1732 3875 1949 3964 conditione,
1974 3874 2060 3973 ipsis
2080 3874 2250 3950 doetrinae

742 3986 917 4061 Ecclesiae
948 3986 1152 4066 fautoribus.
1196 3991 1274 4091 Ego
1308 3993 1450 4092 quidem
1484 3993 1571 4070 mihi
1599 3995 1773 4095 persuasi,
1801 3993 1895 4069 nihil
1925 3993 2021 4069 aliud
2052 3993 2249 4068 effecturam

742 4129 818 4180 esse
840 4105 1011 4182 eiusmodi
1036 4108 1234 4206 Synodum,
1265 4136 1371 4211 quarn
1394 4121 1435 4188 ut
1459 4114 1537 4189 lites
1560 4121 1789 4214 augerentur,
1811 4107 1917 4212 atque
1938 4114 1975 4186 in
2002 4113 2153 4188 diversas
2174 4137 2248 4212 par·

741 4234 794 4300 tes
815 4226 969 4301 Ecclesia
991 4234 1109 4304 nostra
1126 4221 1380 4308 distraheretur.
1432 4235 1506 4313 Qui
1524 4235 1632 4333 igitur
1652 4234 1717 4310 hoc
1736 4233 1928 4308 remedium
1948 4231 2106 4311 adhiberi
2129 4231 2247 4318 vellet,

743 4345 835 4419 malo
860 4369 930 4418 non
953 4346 1172 4436 mederetur,
1197 4348 1259 4424 sed
1281 4349 1369 4425 illud
1392 4350 1497 4426 etiarn
1521 4358 1673 4450 augeret.

789 4585 862 4659 Alii
880 4611 925 4660 ss.
947 4586 1175 4663 Antistitibus
1194 4597 1301 4688 etque
1318 4589 1524 4689 Theologiae
1540 4589 1794 4700 Professopibus
1811 4593 1950 4692 plenam
1968 4591 2107 4668 dicendi
2127 4591 2247 4665 docen-

741 4704 847 4801 dique
881 4704 1075 4780 libertatem
1107 4707 1259 4784 dandam
1291 4732 1367 4784 esse
1399 4707 1578 4798 dictione,
1615 4710 1679 4786 hoc
1710 4735 1831 4786 verum
1862 4737 1938 4788 esse
1973 4710 2249 4787 Protestantismi

740 4823 948 4922 principium
968 4825 1198 4915 inculcantes,
1222 4835 1265 4904 ut
1288 4851 1387 4904 suam
1409 4827 1557 4926 quisque
1582 4829 1787 4908 sententiam
1809 4829 1916 4909 libere
1940 4833 2160 4931 profiteaturz
2187 4853 2250 4904 neo
