4892 6184
683 682 726 748 14
1208 677 1243 742 1⁸¹.
1284 673 1324 745 G.
1366 670 1661 740 Karmena

729 889 1020 963 Murranum
1040 889 1076 958 et
1098 879 1226 957 eximie
1247 888 1322 957 erat
1341 880 1497 956 doctrina
1514 888 1550 955 et
1562 878 1678 954 animo
1688 875 1816 976 probo,
1840 874 1977 974 integro
1987 877 2024 950 et
2034 874 2193 954 candido.

681 1007 867 1107 Quidquid
893 1015 988 1094 eret,
1020 1025 1090 1078 non
1114 1001 1164 1076 ita
1186 1001 1356 1078 educatus
1377 1010 1450 1078 erat
1472 1008 1508 1076 et
1528 999 1733 1085 institutus,
1759 996 1821 1071 sed
1845 1001 1970 1070 natura
1992 995 2104 1072 iactus
2125 999 2198 1072 acri

682 1127 799 1203 studio
827 1135 862 1203 et
887 1125 1057 1200 indefesse
1085 1121 1268 1196 industria.
1317 1123 1403 1196 Erat
1425 1145 1445 1194 e
1471 1121 1556 1196 raris
1578 1119 1679 1195 istius
1699 1116 1851 1217 exempli
1872 1114 1973 1205 vum,
1999 1115 2078 1215 qui,
2102 1118 2199 1194 omni

681 1247 891 1322 extrinsecus
927 1242 1036 1343 petito
1067 1239 1263 1324 studiorum
1292 1238 1494 1316 adiumento
1532 1239 1604 1315 lere
1629 1237 1804 1327 destituti,
1828 1236 1898 1336 ipsi
1916 1234 2009 1310 viam
2030 1235 2098 1310 sibi
2119 1260 2197 1313 mu·

681 1366 803 1456 niunt,
828 1389 899 1466 qua
920 1365 990 1439 itur
1008 1363 1053 1438 ad
1073 1386 1188 1438 ueram
1203 1359 1404 1436 doctrinam.
1454 1359 1622 1446 Vidistis,
1643 1357 1850 1433 Auditores!
1877 1355 2069 1455 quomodo,
2094 1381 2196 1434 num·

682 1505 787 1586 quam
820 1509 890 1560 non
925 1482 1118 1572 studendo,
1152 1481 1316 1569 nitendo,
1349 1478 1564 1580 properando
1595 1504 1639 1554 er
1667 1475 1793 1552 humili
1821 1475 1905 1552 setis
1929 1476 2125 1552 conditione
2151 1479 2198 1554 ad

681 1629 836 1681 summos
864 1602 1057 1704 pervenerit
1089 1601 1236 1676 honores
1267 1599 1488 1698 nobilemque
1518 1599 1640 1674 acritm
1667 1596 1830 1673 certando
1859 1595 2013 1696 palmam
2044 1603 2196 1697 reporta·

681 1723 778 1800 verit.
827 1724 904 1798 Iam
932 1729 1068 1798 mature
1097 1721 1313 1796 intellexerat
1339 1719 1376 1794 in
1410 1728 1555 1794 naturas
1586 1718 1796 1818 indagandis
1825 1716 1980 1792 moribus
2012 1717 2103 1791 vitae
2126 1725 2195 1794 sta·

679 1844 810 1918 tionem
829 1843 897 1918 sibi
919 1868 993 1918 esse
1012 1842 1209 1944 ponendam
1220 1875 1231 1932 ς
1256 1841 1352 1916 nullo
1372 1841 1463 1916 vitae
1484 1847 1660 1914 momento
1682 1837 1762 1913 huic
1781 1836 1893 1913 defuit
1910 1836 2005 1935 quod
2017 1861 2195 1912 summum

680 1963 843 2039 censebat
865 1988 939 2038 esse
963 1963 1131 2052 officium,
1157 1968 1193 2036 et
1213 1961 1381 2061 singulari
1401 1985 1541 2061 prorsus
1560 1983 1698 2050 amore,
1723 1959 1810 2059 quin
1830 1960 1970 2048 erdere,
1993 1959 2031 2033 in
2053 1967 2195 2036 naturae

679 2085 837 2161 studium
859 2084 1066 2184 repiebatur.
1508 2152 1520 2164 ,

729 2204 830 2278 Illam
870 2227 968 2290 vero,
1004 2227 1073 2300 qua
1109 2198 1314 2286 excellebat,
1349 2198 1510 2272 intimem
1542 2223 1624 2273 eum
1661 2206 1786 2275 natura
1820 2197 2089 2275 familiaritatem
2125 2224 2194 2275 non

677 2321 823 2422 legendo
847 2321 959 2396 solum
982 2326 1219 2408 contraxerat,
1243 2317 1339 2416 quod
1364 2317 1423 2392 alii
1443 2319 1668 2418 scripserant,
1693 2319 1768 2418 ipse
1785 2326 1977 2394 servaverat
1992 2319 2037 2394 de
2053 2327 2195 2409 natura,

675 2443 750 2542 ipse
781 2448 926 2516 natmae
958 2440 1046 2516 vires
1079 2444 1337 2538 perscrutatus,
1372 2446 1518 2516 naturae
1552 2439 1790 2539 phaenomena
1821 2438 2093 2514 meditabundus
2123 2448 2198 2515 erat

676 2561 940 2661 contemplatus.
1410 2639 1415 2648 ,

726 2682 851 2780 Itaque
885 2678 981 2779 quod
1011 2679 1142 2778 priscae
1169 2687 1204 2754 et
1232 2677 1377 2753 beatiori
1405 2677 1604 2752 mortalium
1633 2679 1733 2778 genti
1763 2679 1949 2780 contigisse
1983 2679 2195 2755 suavissimis

674 2799 808 2876 labellis
843 2807 966 2900 poste
1005 2799 1203 2875 cecinerunt
1237 2842 1286 2858 -
1319 2798 1449 2874 sciebat
1486 2805 1522 2873 et
1553 2798 1770 2899 intelligebat
1800 2808 1946 2876 naturae
1982 2824 2193 2891 sermonem,

675 2946 782 3021 quam
806 2919 1027 3010 consulebat,
1061 2920 1349 3020 quotiescumque
1375 2918 1412 2993 in
1435 2943 1509 2992 rem
1530 2918 1762 2996 obscuriorem
1784 2921 1999 3019 inquirebat,
2024 2919 2195 3020 intellige·

673 3042 804 3141 batque
840 3041 915 3116 eius
947 3049 1128 3140 tamquam
1160 3039 1306 3115 tacentis
1340 3063 1555 3139 responsum.
1624 3040 1760 3116 Acriter
1791 3041 1948 3117 animum
1984 3041 2022 3115 in
2056 3040 2194 3140 singula

672 3170 818 3237 naturae
836 3163 1074 3261 phaenomena
1097 3161 1162 3235 rite
1190 3160 1425 3260 pernoscenda
1450 3159 1672 3252 intendebat,
1699 3163 1760 3236 sed
1781 3187 1822 3237 eo
1842 3187 1913 3236 non
1931 3161 2192 3261 acquiescebat,

670 3281 709 3354 id
736 3281 795 3380 agi
813 3281 1018 3370 arbitratus,
1044 3289 1085 3355 ut
1107 3285 1240 3380 peteret
1264 3305 1334 3379 quo
1358 3280 1495 3355 vinculo
1521 3281 1659 3381 singula
1681 3281 1741 3358 illa
1762 3282 1853 3356 inter
1874 3307 1911 3357 se
1934 3283 2054 3358 iuncta
2077 3290 2192 3357 essent

671 3410 706 3475 et
737 3425 807 3499 qua
836 3401 912 3500 lega
943 3409 1152 3500 regerentur.
1203 3404 1286 3479 Quo
1320 3400 1437 3476 studio
1466 3402 1593 3477 ductus
1625 3410 1769 3478 naturae
1794 3427 1908 3478 mores
1932 3409 1969 3478 et
1991 3402 2080 3485 vires
2106 3402 2190 3476 dnm

669 3519 805 3600 acribus
839 3511 1003 3596 cern'ebat
1041 3520 1222 3620 acutisque
1248 3521 1373 3610 cenis,
1407 3521 1444 3595 in
1470 3521 1544 3597 eius
1569 3547 1693 3598 arcana
1718 3533 1754 3600 et
1778 3525 1878 3625 quasi
1902 3525 2062 3600 intimam
2085 3549 2189 3624 pene·

668 3639 772 3714 travit
795 3639 976 3716 officinam.

719 3757 790 3832 Sed
809 3757 1077 3834 Rarnwsanrro
1097 3783 1168 3834 non
1193 3761 1306 3836 solum
1332 3769 1459 3839 nature
1482 3771 1579 3839 vesta
1606 3770 1680 3839 erat
1704 3788 1828 3854 arena,
1852 3765 1889 3838 in
1913 3787 1984 3862 qua
2004 3762 2187 3862 ingenium

546 3963 552 3980 .
669 3875 749 3976 quis
773 3885 963 3966 exerceret,
997 3877 1154 3976 viresque
1173 3884 1209 3952 et
1229 3878 1469 3956 dexteritatem
1492 3884 1706 3973 ostenderet;
1732 3892 1857 3960 natura
1875 3909 1938 3959 nos
1959 3882 2073 3958 doceri
2095 3881 2186 3957 arbi·

668 3995 846 4086 trabatur,
880 3995 1054 4096 quomodo
1086 3997 1160 4071 vita
1187 3997 1253 4070 rite
1284 4005 1319 4072 et
1347 3999 1404 4097 pie
1426 4006 1516 4073 esset
1538 4000 1768 4095 instituenda,
1793 4005 1984 4104 eademque
2012 4028 2077 4079 nos
2104 4003 2186 4078 duci

668 4115 714 4191 ed
739 4141 876 4206 ueram,
901 4115 1069 4191 sinceram
1090 4123 1127 4192 et
1149 4115 1327 4192 ardentem
1353 4118 1421 4192 Dei
1444 4119 1714 4195 venerationem!

719 4237 985 4336 rQuicumque,
1031 4236 1099 4327 eit,
1142 4243 1286 4311 naturae
1334 4239 1619 4338 contemplandae
1661 4239 1852 4329 desiderio,
1894 4241 1989 4316 idem
2034 4247 2070 4314 et
2104 4265 2183 4315 vero

602 4453 605 4458 Ι
670 4359 791 4433 ιιοιιΙῑιι
824 4365 860 4432 et
887 4355 1115 4433 admiratione
1142 4356 1286 4456 rapitur.
1336 4358 1403 4432 Dei
1434 4382 1534 4437 verus
1565 4367 1670 4458 atque
1696 4362 1848 4436 sincerus
1869 4360 2004 4449 cultus,
2029 4360 2117 4459 quid
2137 4361 2182 4436 ad

670 4501 775 4551 reum
808 4477 934 4553 rectius
966 4477 1089 4566 ducat,
1122 4503 1229 4578 quam
1262 4479 1347 4555 baec
1380 4479 1456 4579 ipsa
1485 4480 1591 4554 totius
1620 4488 1764 4558 natume
1799 4480 1951 4580 parentis
1985 4480 2027 4555 et'
2050 4480 2183 4579 opificis

672 4595 909 4671 cadmirabilia
941 4599 1067 4695 opera?
1114 4599 1192 4672 imo
1227 4624 1328 4688 vero,
1361 4599 1494 4700 pergit,
1529 4625 1595 4701 ego
1623 4602 1660 4676 in
1691 4603 1733 4677 ed
1761 4599 1934 4679 sententiis
1964 4625 2099 4699 semper
2127 4599 2181 4676 lui

671 4715 885 4791 omerimum
910 4716 1086 4814 quoddam
1107 4726 1325 4795 momentum
1350 4744 1425 4794 esse
1454 4719 1491 4794 in
1517 4723 1661 4798 naturae
1682 4723 1813 4798 'studiis
1842 4722 1890 4798 ad
1919 4721 2179 4796 exercitandum

673 4841 731 4912 ret
758 4835 1032 4914 confirmandum
1050 4835 1149 4914 illum
1170 4839 1278 4916 animi
1300 4839 1481 4931 affectum,
1503 4866 1574 4942 quo
1593 4843 1640 4919 'ad
1660 4844 1904 4944 quodcumque
1927 4839 2176 4931 humanitatis,
