4892 6184
891 706 1172 776 ORATIO.
1747 707 1788 774 15

273 909 508 1001 rabonesutb,
551 909 735 1012 probitatis
785 921 821 988 at
873 915 1112 1016 cuiuscunque
1163 909 1301 990 virtutis
1339 912 1490 990 officinm
1528 913 1789 1013 exsequendum

274 1029 404 1105 rranimi
429 1030 657 1106 excitentur.''

318 1151 420 1228 Quae
453 1151 515 1250 qui
544 1158 697 1226 senserat
725 1157 761 1226 et
784 1152 919 1230 locutus
940 1163 1033 1244 erat,
1065 1155 1145 1254 quis
1169 1155 1387 1254 praeclarum
1416 1155 1665 1255 egregiumque
1689 1154 1789 1230 illum

270 1267 376 1343 fuisse
402 1270 515 1346 virum
536 1271 695 1346 dubitare
716 1274 868 1371 poterit?
917 1275 1035 1375 Atque
1056 1275 1164 1350 luisse
1181 1274 1281 1349 illum
1305 1277 1417 1352 virum
1439 1276 1537 1350 nullo
1558 1275 1699 1350 nomine
1718 1299 1790 1350 non
1922 1300 1925 1305 ·

267 1391 606 1488 praestantissimum
641 1390 800 1468 universa
847 1394 921 1469 eius
957 1396 1028 1470 vita
1065 1402 1119 1471 est
1158 1395 1377 1469 documento.
1439 1395 1663 1493 Quicumque
1708 1419 1790 1470 eum

263 1518 455 1601 noverant,
487 1536 558 1587 uno
589 1537 647 1586 ore
681 1512 880 1610 praedicant
910 1513 974 1587 viri
1003 1513 1232 1611 probitatem,
1256 1512 1511 1613 integritatem,
1537 1514 1789 1604 sinceritatem,

271 1629 474 1718 candorem;
507 1631 613 1704 fidem
650 1630 767 1704 datam
801 1655 995 1730 numquam
1026 1631 1223 1707 labefactari
1257 1657 1371 1733 neque
1410 1635 1567 1710 animum
1603 1634 1791 1710 abalienari

271 1748 315 1822 ab
335 1748 470 1836 amicis,
493 1769 581 1847 quos
600 1747 742 1846 quidem
766 1752 967 1839 eonomine
990 1751 1114 1851 dignos
1137 1752 1323 1843 censebat,
1348 1778 1471 1853 passus
1493 1760 1565 1842 est3
1590 1754 1685 1828 mitis
1706 1753 1789 1828 alio·

267 1889 368 1955 rum,
395 1867 451 1943 sui
469 1867 579 1967 ipsius
600 1867 705 1942 iudex
726 1877 800 1944 erat
820 1871 1072 1960 severissimus3
1097 1873 1256 1948 modesto
1280 1873 1396 1948 animo
1418 1881 1453 1949 et
1478 1874 1631 1974 ingenuo
1651 1897 1789 1949 venera·

264 1987 369 2062 tionis
395 2013 434 2064 ae
455 1988 583 2088 gloriae
604 1987 737 2062 meritis
764 1996 882 2089 partae
904 1991 1111 2067 documenta
1137 1990 1350 2091 excipiebat,
1376 1991 1531 2091 undique
1552 1991 1591 2066 iu
1615 2016 1697 2066 eum
1720 1992 1789 2066 col·

264 2105 351 2196 lata;
385 2111 514 2205 neque
529 2133 670 2184 suorum
700 2109 903 2185 meritorum
943 2135 1095 2209 suaeque
1123 2111 1298 2208 doctrinae
1323 2111 1486 2201 motator,
1521 2135 1635 2211 neque
1659 2111 1790 2186 adanae

264 2223 378 2299 laudis
409 2226 616 2302 detrectator
645 2234 680 2301 et
704 2235 856 2326 spretor;
888 2229 1156 2304 officiosissimus
1183 2255 1266 2328 erga
1287 2256 1575 2332 unumquemque
1598 2238 1634 2306 ct
1659 2232 1703 2306 de
1729 2257 1788 2306 ex·

265 2345 414 2442 quisitae
437 2344 613 2419 doetrinae
636 2345 851 2420 inexhaustis
874 2347 981 2446 copiis
1001 2347 1189 2444 unicuique
1210 2349 1351 2447 largiter
1372 2351 1539 2425 tribuens.

313 2465 431 2542 Quem
467 2463 644 2560 ingentem
679 2463 869 2537 doctrinam
907 2465 1047 2562 ingenio
1082 2453 1286 2564 complecti,
1321 2492 1426 2564 quem
1458 2469 1569 2569 multa
1598 2468 1725 2544 vidisse
1754 2478 1789 2544 et

155 2623 161 2630 ·
264 2583 463 2658 observasse
499 2581 673 2670 sciebant,
709 2584 877 2681 cuiusque
910 2584 1061 2658 indolem
1093 2592 1259 2660 noverant
1291 2611 1436 2661 suorum
1465 2587 1652 2687 prodigum
1676 2612 1789 2686 neque

263 2709 527 2790 numerantem,
562 2703 657 2800 quod
679 2702 830 2801 benigna
856 2728 964 2779 manu
985 2704 1226 2804 dispensabat,
1250 2705 1338 2805 qaid
1358 2706 1504 2796 mirum,
1528 2707 1677 2782 adeum
1700 2713 1787 2782 tam·

266 2847 373 2922 quam
386 2823 431 2897 cd
447 2821 623 2898 oraculum
641 2823 771 2898 multos
794 2824 991 2901 consultum
1010 2849 1085 2900 esse
1105 2825 1297 2925 proiectos,
1321 2849 1554 2926 magnamque
1582 2826 1672 2903 vitae
1696 2826 1789 2904 illius
1921 2822 1926 2833 ’

264 2950 398 3042 partem
426 2968 467 3018 eo
491 2950 734 3041 consumptam
760 2969 856 3033 esse,
881 2953 922 3020 ut
947 2944 1023 3020 aliis
1047 2969 1187 3043 operam
1211 2945 1326 3022 ferret.

314 3063 392 3137 Iam
413 3087 491 3137 vero
512 3063 707 3162 perpensis,
728 3089 818 3162 quae
841 3065 885 3138 de
906 3065 1177 3150 Rnruwarurro
1200 3065 1290 3154 diri,
1311 3066 1390 3164 quis
1409 3067 1552 3166 negabit
1571 3066 1665 3144 illius
1681 3062 1798 3144 vitam

265 3207 365 3280 posse
393 3207 468 3257 esse
493 3183 722 3273 documento,
742 3185 917 3284 quomodo
943 3211 1023 3261 vera
1046 3186 1154 3286 gloria
1177 3187 1295 3286 appeti
1320 3186 1456 3264 debeat.
1508 3189 1682 3264 Iacturam
1697 3188 1733 3263 in
1746 3213 1787 3264 eo

264 3301 345 3378 lecit
372 3301 561 3378 Academia
588 3303 787 3394 leidensis,
821 3331 891 3405 qua
914 3307 1081 3382 maiorem
1099 3331 1169 3380 non
1189 3307 1343 3395 vidistis,
1366 3308 1576 3384 Auditores!
1601 3334 1665 3384 neo
1688 3309 1787 3384 lacile

270 3423 452 3513 videbitis,
487 3421 589 3526 plane
625 3431 686 3514 ut,
720 3425 750 3498 si
782 3425 881 3500 ouius
913 3451 1079 3525 umquam
1110 3427 1231 3526 magni
1264 3427 1326 3501 viri
1357 3428 1494 3517 amissi,
1529 3429 1634 3504 huius
1664 3431 1787 3528 utique

225 3614 228 3620 .
264 3544 379 3621 luctus
409 3570 449 3620 ac
484 3545 694 3620 desiderium
716 3545 895 3646 publicum
922 3548 968 3622 sit
991 3572 1215 3650 mansurum,
1238 3548 1326 3622 dum
1348 3573 1447 3624 verae
1466 3549 1641 3624 doctrinae
1664 3574 1785 3623 sensus

264 3687 432 3762 veraeque
459 3664 595 3740 virtutis
620 3666 802 3742 admiratio
825 3667 965 3767 vigebit.
1017 3667 1070 3740 Sit
1094 3667 1127 3741 ei
1152 3675 1241 3741 terra
1264 3668 1366 3740 levis!
1695 3654 1699 3660 ⁴

314 3783 374 3856 Ad
390 3785 653 3860 Srnonuenmrn
666 3785 755 3860 vitae
768 3787 1018 3861 enarrationem
1030 3792 1177 3859 transeo.
1221 3786 1423 3860 Marrnras
1436 3787 1670 3878 Sisennam
1682 3793 1785 3862 natus

267 3908 321 3974 est
340 3905 592 3979 Amstelodami
607 3905 663 3978 die
684 3905 843 3978 vicerimo
865 3905 966 3979 tertio
979 3905 1109 3979 mensis
1123 3903 1217 3979 Iunii
1231 3905 1314 3980 anni
1330 3907 1435 3982 1774.
1485 3908 1563 3982 Iam
1578 3915 1712 3982 mature
1723 3933 1784 4006 ap·

264 4020 381 4118 paruit
405 4045 554 4120 puerum
579 4023 688 4098 felicis
711 4030 816 4121 atque
835 4023 995 4099 saecundi
1015 4048 1090 4099 esse
1111 4023 1252 4124 ingenii
1295 4025 1421 4124 Itaque
1441 4027 1647 4128 Theologiae
1668 4028 1784 4103 studio

232 4201 235 4208 .
265 4140 515 4239 aparentibus
543 4140 736 4218 destinatus
761 4143 923 4219 undecim
949 4168 1057 4220 annos
1081 4152 1184 4221 natus
1210 4144 1248 4220 in
1272 4147 1454 4245 Gymnasii
1480 4148 1697 4248 disciplinam
1728 4159 1784 4225 est

263 4259 429 4350 traditur,
458 4261 553 4360 quod
577 4269 654 4337 tum
676 4263 929 4340 Amstelodami
951 4272 1093 4366 regente
1114 4265 1184 4341 viro
1206 4266 1428 4343 celeberrimo
1447 4269 1594 4344 chnno
1613 4293 1688 4343 van
1706 4272 1781 4343 Om-

263 4399 388 4453 tmann
405 4381 561 4458 florebat.
611 4385 666 4457 Ex
685 4383 785 4472 cuius
802 4385 933 4486 egregii
952 4385 1015 4460 viri
1032 4386 1250 4462 institutione
1271 4387 1461 4463 uberrimos
1478 4388 1611 4463 fructus
1629 4388 1781 4464 Sannau-

262 4519 429 4573 aumrrom
454 4503 665 4603 percepisse,
700 4504 831 4606 insigni
853 4507 1062 4582 documento
1085 4515 1139 4582 est
1161 4507 1312 4583 Carmen
1334 4507 1537 4607 Elegiaoum
1559 4507 1707 4584 latinum
1728 4510 1780 4585 in·

264 4615 449 4716 scriptum:
476 4622 595 4697 clama
618 4624 767 4701 Iccobae
790 4627 954 4703 Bocarae
978 4629 1079 4702 morti
1092 4630 1276 4731 mealtune
1296 4631 1417 4716 amba,
1451 4629 1546 4727 quod
1573 4637 1598 4706 'a
1627 4654 1665 4704 se
1688 4654 1781 4707 com·

262 4736 415 4834 positum
447 4764 569 4816 coram.
593 4741 766 4842 frequenti
790 4756 897 4823 coetu
924 4747 1098 4837 recitavit,
1133 4748 1321 4847 Gymnasio
1343 4749 1395 4824 illi
1425 4775 1534 4849 quum
1566 4738 1780 4829 valediceret.
1869 4781 1872 4784 ’

262 4853 399 4935 Deinde
432 4858 469 4933 iu
502 4860 675 4939 Athenaei
710 4863 853 4940 illustris
888 4865 1218 4950 Amstelodameusis
1251 4866 1379 4943 civium
1413 4891 1600 4945 numerum
1630 4869 1780 4961 relatus,
