4892 6184
873 696 1150 766 Ouarna.
1414 695 1418 702 ’
1727 699 1769 765 21

252 935 325 988 ann
352 909 604 996 defensionem,
637 929 744 1006 quam
770 904 814 979 ab
838 905 1011 981 atrocibus
1033 906 1070 980 in
1099 930 1176 980 eam
1206 902 1370 980 coniectis
1397 903 1600 980 criminibus
1623 911 1659 978 et
1686 927 1767 978 con·

250 1031 346 1108 viciis
374 1029 551 1132 purgavit,
586 1005 691 1125 legite
724 1047 831 1123 quam
864 1031 937 1100 tarn
970 1023 1091 1098 vividis
1116 1023 1288 1099 coloribus
1310 1023 1467 1124 depinxit
1494 1025 1764 1099 Onnunnanrur·

238 1175 378 1226 -vucnn
396 1173 553 1237 causam,
573 1154 613 1222 ιιι
629 1145 696 1246 ipsi
720 1144 913 1244 quaestioni
933 1145 1114 1220 institutae
1136 1145 1301 1248 interesse
1322 1144 1423 1219 nobis
1445 1145 1644 1233 videamm,
1663 1143 1769 1244 legite

250 1293 340 1369 quae
365 1269 409 1343 de
430 1268 652 1342 Lurcusraro
681 1264 870 1364 disputavit
888 1265 943 1340 vel
963 1265 1091 1364 quibus
1109 1266 1314 1340 Garamum
1333 1265 1467 1354 Ριιιιιι,
1491 1255 1645 1340 Ιιιιιιιιι
1661 1263 1769 1337 Wrrr
1850 1356 1853 1362 ι

251 1389 304 1463 vel
331 1390 623 1464 Smuouanunrn
645 1385 765 1462 laudes
787 1385 962 1484 praedicat
982 1393 1017 1460 et
1035 1384 1158 1460 merita
1182 1390 1352 1472 recenset;
1378 1409 1553 1483 nmquam
1571 1391 1771 1459 accuratum

251 1508 428 1596 studium,
456 1531 630 1606 nusquam
653 1529 768 1579 veram
795 1529 814 1578 e
839 1512 975 1603 pectore
996 1511 1115 1576 notam
1140 1509 1175 1574 et
1199 1501 1429 1600 profluentem
1455 1504 1688 1602 eloquentiam
1710 1501 1769 1576 de·

253 1628 466 1714 siderabitis,
491 1634 527 1700 et
556 1624 754 1698 iudicabitis
788 1622 952 1696 historiae
977 1622 1109 1720 patriae
1135 1621 1292 1697 studium
1317 1624 1411 1711 iliius
1440 1651 1545 1725 opera
1568 1625 1626 1698 vix
1655 1624 1772 1699 minus

250 1747 356 1824 inisse
382 1751 579 1843 promotum
603 1767 709 1842 quam
735 1742 875 1841 linguae
900 1742 1162 1841 litterarumque
1186 1742 1495 1819 Neerlandicarum
1519 1745 1700 1818 culturam.

298 1863 607 1940 Considerantibus
632 1886 738 1962 quam
761 1862 918 1962 religiose
946 1886 1088 1938 munere
1119 1862 1316 1938 academico
1344 1864 1640 1939 Smcnuausnrns
1665 1863 1771 1938 fuerit

250 1987 410 2074 bmctus,
448 1983 504 2058 vix
535 1983 697 2059 credibile
720 1982 856 2058 videtur
882 1991 1016 2059 tantum
1044 1983 1076 2057 ei
1098 1983 1160 2057 otii
1181 1983 1289 2057 fuisse
1311 1984 1504 2084 reliquum,
1540 1991 1581 2059 ut
1608 1983 1709 2059 variis
1734 1985 1772 2057 in
1832 2040 1840 2054 ,

249 2107 362 2206 patria
388 2111 527 2194 nostra,
551 2103 741 2179 litterarum
766 2103 1076 2201 promovendarum
1103 2103 1214 2202 gratia
1233 2104 1401 2194 conditis,
1424 2106 1591 2181 sodalitiis
1616 2105 1771 2204 aliquan·

249 2235 326 2302 tum
351 2226 475 2301 virium
499 2232 535 2299 et
558 2223 700 2324 pretiosi
730 2225 895 2321 temporis
919 2224 1076 2298 dedicare
1101 2229 1227 2320 posset.
1279 2225 1411 2299 Tamen
1435 2227 1574 2301 illcrnm
1598 2227 1689 2300 inter
1718 2250 1771 2300 so·

250 2346 346 2421 dales
380 2368 481 2420 nemo
511 2343 578 2415 luit
607 2366 775 2440 umquam
807 2342 866 2416 illo
890 2341 1087 2441 diligentior
1112 2341 1243 2439 quique
1265 2342 1346 2440 plus
1370 2345 1553 2419 contulerit
1579 2347 1625 2420 ad
1652 2369 1772 2419 eorum

253 2465 453 2565 augendum
488 2462 625 2549 florem;
656 2461 694 2534 in
725 2461 780 2534 his
806 2461 1005 2536 sodalitium
1038 2461 1176 2534 tuendis
1205 2467 1241 2533 et
1263 2461 1459 2537 excolendis
1482 2464 1605 2539 litteris
1630 2465 1771 2563 patriis,

249 2582 416 2684 Lugduni
444 2583 654 2656 Batavorum
679 2578 902 2668 institutum,
927 2580 1027 2654 carius
1052 2603 1114 2677 per
1141 2583 1188 2653 20
1214 2602 1323 2654 annos
1348 2587 1426 2656 acta
1451 2583 1608 2671 curavit,
1634 2609 1697 2682 per
1724 2589 1770 2658 25

249 2702 461 2804 praesidium
495 2699 623 2799 gessit,
656 2698 707 2772 illi
731 2699 919 2774 maximam
946 2707 1080 2799 partem
1103 2699 1208 2774 debat
1232 2699 1327 2797 quod
1355 2707 1429 2774 tam
1452 2701 1541 2776 laete
1564 2702 1771 2792 effloruerit,

248 2824 344 2924 quod
377 2829 451 2897 tam
485 2819 696 2896 salutiferam
731 2818 920 2896 exercuerit
952 2820 1021 2894 vim
1055 2820 1091 2894 in
1121 2819 1344 2894 excitandum
1365 2820 1558 2898 litterarum
1580 2825 1771 2922 patriarum

251 2944 407 3020 studium
431 2950 467 3017 et
490 2965 651 3017 amorem.

239 3135 241 3140 .
298 3063 433 3163 Scripta
465 3062 732 3162 perlustrantes,
768 3061 813 3136 ab
846 3061 910 3136 hoc
937 3059 1094 3135 sodalitio
1123 3057 1365 3160 promulgata,
1389 3062 1563 3160 permulta
1589 3062 1771 3139 invenietis

249 3185 293 3259 ab
316 3183 409 3258 illius
432 3208 540 3258 manu
564 3181 738 3282 prolecta,
769 3182 806 3255 in
830 3173 961 3280 quibus
985 3181 1137 3280 primurn
1164 3180 1232 3255 sibi
1254 3181 1431 3257 vindicant
1451 3184 1567 3258 locum
1590 3182 1769 3260 defuncto·
1812 3277 1821 3289 ,

248 3329 327 3380 rum
351 3303 521 3378 sodalium
541 3302 586 3377 ab
609 3327 650 3376 eo
677 3301 866 3400 composita
885 3300 1017 3400 Elegia.
1058 3299 1307 3375 Neerlandicac
1326 3325 1484 3400 qnoque,
1509 3327 1599 3401 quae
1624 3302 1769 3395 dicitur,

248 3423 427 3501 Haarlemi
457 3423 611 3499 florentis
636 3422 808 3498 societatis
832 3446 895 3522 per
921 3421 1175 3521 quinquaginta
1200 3445 1309 3496 annos
1333 3446 1353 3495 e
1381 3422 1593 3521 gravissimis
1620 3422 1689 3497 init
1715 3450 1770 3499 so·

248 3544 394 3620 datibus.
445 3543 503 3618 Ab
528 3550 675 3642 utroque
698 3542 877 3631 sodalitio,
903 3543 1094 3618 multorum
1115 3567 1392 3642 magnorumque
1416 3543 1616 3617 meritorum
1639 3545 1768 3641 gratia,

249 3689 393 3740 nummo
417 3689 521 3740 aureo
545 3671 599 3739 est
623 3663 783 3739 donatus.

297 3784 357 3859 Ad
371 3785 499 3861 civium
517 3784 734 3883 civitatisque
754 3787 846 3858 recte
859 3779 1110 3879 procurandam
1131 3778 1279 3854 salutem
1299 3779 1427 3854 summi
1438 3803 1513 3855 esse
1527 3781 1712 3870 momenti,
1727 3787 1768 3856 ut

250 3902 403 3992 scholae,
415 3905 452 3976 in
462 3904 591 4000 quibus
601 3903 700 4003 pueri
712 3900 824 4000 prima
839 3899 1029 3974 litterarum
1044 3899 1213 3974 elementa
1228 3898 1387 3988 discunt,
1401 3898 1467 3973 rite
1482 3898 1553 3973 sint
1565 3899 1765 3993 institutae,

249 4047 360 4123 quum
379 4003 682 4098 Sancurmnunrnu
700 4022 820 4120 ingere
834 4043 904 4094 non
918 4025 1054 4120 posset,
1081 4017 1136 4093 his
1152 4043 1292 4118 quoque
1306 4019 1517 4119 corrigendis
1530 4026 1566 4095 et
1579 4021 1625 4096 ad
1636 4029 1765 4097 certam

248 4166 406 4224 normam
437 4141 636 4241 redigendis
667 4165 729 4241 per
763 4140 903 4239 longam
941 4161 1111 4216 annorum
1144 4139 1267 4214 seriem
1299 4164 1437 4215 summa
1469 4166 1551 4216 cum
1585 4140 1766 4241 diligentia

249 4261 441 4350 consuluit,
462 4285 568 4360 quare
587 4261 757 4336 bonorum
780 4259 937 4334 omnium
963 4257 1135 4360 suffragiis
1158 4259 1289 4359 optime
1310 4260 1354 4335 de
1378 4260 1489 4359 patria
1506 4268 1560 4335 est
1582 4263 1739 4337 meritus.

300 4382 603 4458 Sruonunnnurou
636 4382 796 4458 iuvenem
822 4380 973 4456 vidimus
995 4380 1034 4455 id
1059 4381 1280 4480 potissimum
1305 4380 1468 4456 habuisse
1498 4382 1535 4455 in
1558 4381 1763 4480 propositis,

252 4507 293 4576 ut
320 4499 467 4574 idonens
498 4501 596 4576 fieret
623 4501 718 4577 verbi
748 4500 856 4576 divini
881 4501 1055 4591 minister,
1086 4526 1219 4601 neque,
1248 4526 1359 4601 quum
1384 4506 1519 4576 mutata
1546 4500 1636 4576 vitae
1659 4527 1765 4580 causa

251 4619 297 4695 ad
338 4619 405 4696 alia
442 4618 558 4695 studia
593 4621 803 4711 transiisset,
838 4645 967 4696 munus
1003 4621 1157 4697 studiose
1188 4621 1272 4696 olim
1305 4620 1499 4722 appetitum
1532 4620 1763 4699 deserendum

251 4763 326 4814 esse
358 4746 472 4828 ratus,
508 4764 570 4839 per
602 4744 647 4814 25
682 4765 790 4816 annos
821 4765 937 4817 coram
967 4741 1312 4842 Teleiobaptistarum
1343 4741 1485 4819 ecclesia
1512 4741 1550 4818 in
1583 4743 1648 4819 hac
1674 4743 1760 4820 urbe

252 4860 387 4937 oracula
411 4859 528 4938 divim
551 4860 651 4938 docte
675 4868 712 4937 et
735 4861 908 4962 eleganter
931 4863 1101 4962 exposuit.
