4892 6184
888 703 1185 770 1un1c1n.
1482 801 1485 808 Ι
1658 705 1792 773 .ros

280 907 361 982 tatis
387 907 486 995 talis,
521 931 610 1006 quae
639 928 708 984 non
736 909 805 984 nisi
830 909 1026 1009 frequenter
1047 910 1217 986 institutis
1243 909 1413 984 eiusmodi
1433 908 1731 986 observationibus
1755 920 1792 987 et
1922 944 1927 952 ·

280 1027 520 1104 exercitatione
548 1027 706 1128 diligenti
728 1029 934 1129 acquisitum
959 1031 996 1106 in
1016 1029 1259 1132 experimentis
1275 1028 1498 1104 instituendis
1517 1031 1602 1104 item
1622 1030 1791 1107 iudicium

279 1154 422 1247 apparet
454 1172 595 1236 sanum,
631 1147 811 1248 diligentia
839 1175 966 1251 magna
996 1175 1110 1250 neque
1146 1150 1291 1225 felicitas
1323 1151 1495 1249 quaedam
1530 1149 1641 1226 defuit
1672 1153 1722 1226 ita
1752 1161 1793 1227 ut

280 1267 364 1343 baec
388 1267 504 1342 omnia
527 1268 739 1367 permultum
765 1270 890 1345 Ordini
912 1271 1114 1371 placuerint.
1351 1301 1354 1304 ’

329 1387 519 1485 Postquam
539 1387 601 1462 has
620 1389 739 1476 laudes
754 1389 830 1464 iure
848 1390 971 1464 meritc
990 1390 1070 1465 huic
1089 1391 1183 1489 operi
1199 1390 1341 1479 tribuit,
1361 1390 1604 1465 declarandum
1621 1398 1674 1465 est
1686 1415 1792 1490 quare
1834 1384 1837 1389 ’

148 1525 152 1530 ·
282 1529 385 1604 supra
407 1514 595 1582 memorato
614 1531 778 1608 responso
799 1509 971 1608 primum,
996 1509 1077 1584 huic
1100 1509 1292 1583 secundum
1318 1509 1433 1585 locum
1455 1510 1615 1585 tribuerit
1635 1511 1742 1586 Ordo.

328 1626 461 1699 Auctor
490 1626 594 1725 primi
622 1628 777 1726 responsi
809 1628 852 1702 iis
879 1652 968 1727 quae
993 1627 1038 1702 ab
1068 1627 1143 1703 aliis
1174 1629 1301 1726 scripta
1328 1638 1410 1702 sunt
1432 1654 1515 1703 usus
1538 1639 1592 1705 est
1612 1629 1794 1730 diligenter

281 1769 344 1820 nec
369 1750 485 1820 tamen
514 1769 621 1821 manu
652 1745 793 1821 abillis
819 1747 900 1822 duci
933 1771 969 1821 se
1000 1773 1124 1846 passus
1152 1755 1206 1823 est
1227 1748 1265 1821 in
1288 1771 1352 1821 suo
1371 1754 1521 1823 tractatu
1542 1750 1793 1848 componendo.

281 1866 382 1940 Idem
407 1865 450 1940 de
484 1874 622 1940 auctore
642 1865 796 1966 responsi
817 1866 941 1942 Latine
964 1867 1149 1967 conscripti
1174 1869 1342 1943 affirmare
1366 1868 1557 1956 nonlicet,
1584 1870 1713 1969 quippe
1734 1870 1796 1972 qui

281 1986 317 2060 in
349 1990 423 2060 tota
455 1984 688 2084 disputatione
722 1987 839 2062 minus
876 1987 1025 2061 liberum
1057 2012 1093 2061 se
1123 1988 1273 2063 servavit
1301 2013 1323 2062 a
1353 1986 1387 2059 vi
1413 1987 1621 2086 opinionum
1651 1988 1696 2063 ab
1720 1989 1796 2063 aliis

281 2105 500 2204 prolatarum.
561 2105 868 2184 Quemadmodum
903 2107 939 2181 in
972 2132 1135 2206 responso
1170 2109 1283 2207 primo
1319 2114 1440 2181 auctor
1474 2108 1661 2207 specimina
1700 2107 1798 2183 dedit

282 2224 435 2324 ingenii,
469 2223 567 2298 liberi
605 2224 742 2312 iudicii,
776 2225 1004 2315 inventionis3
1038 2227 1086 2302 sic
1110 2225 1146 2300 in
1170 2226 1297 2314 altero,
1321 2226 1401 2301 licet
1426 2227 1569 2302 minime
1592 2227 1655 2302 has
1677 2219 1798 2302 laudes

283 2345 316 2418 ei
350 2367 490 2442 prorsus
525 2342 644 2417 deesse
676 2343 822 2417 affirmet
856 2342 969 2434 Ordo,
1007 2352 1124 2418 tamen
1157 2344 1274 2418 minus
1304 2341 1381 2418 illas
1411 2344 1510 2418 dotes
1534 2344 1571 2418 in
1595 2369 1636 2418 eo
1664 2344 1798 2420 elucere

283 2464 419 2564 putavit
453 2470 488 2538 et
513 2462 559 2537 ob
582 2463 670 2536 hanc
695 2463 845 2539 maxime
867 2463 1246 2563 causam'praeplacuit
1271 2487 1473 2562 responsum
1503 2471 1604 2538 antea
1630 2487 1797 2538 memora·

274 2594 360 2659 tum
395 2589 430 2656 et
463 2606 676 2681 quamquam
709 2607 778 2656 non
801 2607 928 2682 magno
948 2583 1124 2658 intervallo
1149 2583 1298 2682 seperari
1322 2583 1387 2658 hoc
1411 2583 1455 2656 de
1480 2607 1550 2682 quo
1570 2607 1664 2657 nunc
1683 2583 1799 2682 agitur

284 2703 328 2778 ab
359 2703 466 2778 altero
494 2706 613 2800 putat,
646 2708 763 2777 tamen
799 2703 989 2778 secundum
1023 2709 1161 2778 tantum
1192 2703 1306 2778 locum
1333 2703 1366 2776 ei
1394 2725 1469 2776 esse
1500 2701 1725 2777 tribuendum
1746 2710 1800 2776 cst

286 2821 482 2898 arbitratus.
1474 2902 1486 2918 l

336 2942 491 3017 lbrtium
526 2967 730 3042 responsum
764 2968 834 3018 non
862 2949 934 3019 tam
971 2968 1077 3044 propa
1108 2941 1240 3018 accedit
1267 2940 1312 3015 od
1343 2940 1490 3015 alterum
1521 2965 1627 3039 quam
1659 2939 1724 3015 hoc
1754 2941 1800 3027 ad

285 3060 458 3161 primum,
484 3061 545 3146 sed
568 3063 678 3137 multo
702 3063 831 3138 maiore
857 3064 1035 3138 intervallo
1057 3063 1102 3137 ab
1124 3039 1271 3160 utrdque
1293 3061 1467 3160 superiore
1493 3061 1610 3135 distat.

334 3183 435 3260 Quae
474 3181 651 3257 historiam
683 3184 861 3258 doctrinae
895 3183 960 3258 loci
993 3183 1083 3258 circa
1114 3207 1218 3280 quom
1254 3181 1410 3280 quaestio
1427 3190 1593 3256 'versatur
1623 3188 1799 3280 spectant,
1919 3232 1924 3247 ι

169 3309 172 3314 ’
286 3300 459 3400 eleganter
490 3308 526 3377 et
559 3302 672 3377 lucide
704 3328 786 3378 sane
818 3311 901 3377 sunt
930 3302 1108 3402 exposita,
1143 3301 1204 3375 scd
1227 3301 1343 3375 minus
1366 3310 1483 3376 tamen
1509 3301 1712 3400 diligenter,
1737 3326 1801 3376 nac

285 3425 463 3518 tantopere
496 3420 540 3494 ab
580 3430 718 3496 auctore
748 3423 786 3495 in
820 3447 962 3497 succum
992 3429 1028 3496 et
1053 3420 1279 3519 sanguinem,
1305 3426 1345 3492 ut
1367 3419 1417 3493 ita
1440 3418 1612 3507 dicamus,
1637 3443 1801 3494 conversa

287 3545 369 3612 sunt
401 3563 441 3614 ea
474 3563 563 3636 quae
595 3541 690 3639 apud
718 3541 803 3616 alios
831 3541 958 3640 reperit
993 3565 1098 3640 quam
1130 3539 1166 3613 in
1193 3538 1365 3637 responsis
1389 3537 1624 3636 superioribus
1650 3537 1800 3614 maxime

287 3656 324 3730 in
348 3655 469 3755 primo.
529 3659 735 3758 Praeparata
749 3658 877 3734 addita
904 3666 986 3734 sunt
1008 3659 1124 3732 minus
1145 3670 1329 3731 numerosa
1349 3682 1455 3757 quam
1478 3682 1643 3760 responso
1662 3657 1797 3735 Iatino.

288 3775 543 3852 Delineationes
565 3778 681 3852 minus
703 3777 792 3852 bene
812 3777 1013 3854 elaboratae.
1047 3776 1334 3876 Investigationes
1356 3778 1512 3878 propriae
1536 3778 1685 3852 auctoris
1715 3779 1800 3854 item

287 3895 416 3970 cedunt
445 3895 488 3970 iis
521 3920 609 3994 quas
642 3896 833 3996 superiores
863 3897 933 3972 duo
963 3906 998 3972 et
1027 3896 1183 3971 fecerunt
1212 3904 1248 3970 et
1279 3897 1505 3973 tradiderunt.
1557 3899 1681 3996 Itaque
1704 3898 1802 3972 omni

288 4013 427 4088 nomine
459 4015 600 4090 tertium
629 4025 768 4091 tantum
795 4016 909 4091 locum
933 4015 1013 4091 huic
1034 4014 1198 4091 tractatui
1221 4015 1318 4091 Ordo
1339 4016 1533 4094 adscribere
1555 4015 1695 4107 debuit;
1720 4016 1800 4093 licet

289 4134 380 4209 ultro
413 4135 518 4210 etiam
549 4135 639 4210 hanc
668 4136 925 4237 responsionem
956 4135 1059 4212 laude
1088 4135 1231 4235 dignam
1253 4143 1289 4210 et
1313 4136 1452 4236 publico
1472 4135 1583 4235 elogio
1608 4136 1799 4214 ornandam

288 4255 469 4331 censuerit.

338 4373 512 4473 Operibus
541 4374 595 4450 his
623 4376 736 4452 tribus
766 4376 816 4452 ite
844 4375 1022 4462 recensitis
1044 4374 1140 4450 Ordo
1167 4376 1211 4451 de
1233 4399 1304 4452 una
1326 4374 1441 4451 adhuc
1463 4398 1501 4448 re
1521 4374 1576 4448 sui
1599 4399 1704 4451 causa
1726 4399 1799 4450 mo·

290 4493 443 4568 nandum
468 4502 579 4594 putat.
630 4497 762 4572 Mirum
787 4496 896 4576 videri
918 4497 1027 4596 possit
1048 4519 1166 4570 rerum
1193 4494 1309 4570 minus
1337 4493 1476 4592 peritis,
1506 4517 1588 4569 eum
1611 4494 1648 4568 in
1671 4492 1800 4569 iudicio

290 4613 430 4687 ferendo
459 4638 528 4689 non
558 4614 678 4692 fecisse
705 4616 917 4693 mentionem
947 4613 1206 4690 conclusionum
1233 4611 1449 4713 scriptorum.
1499 4611 1579 4688 Hae
1606 4637 1689 4688 sane
1717 4613 1801 4689 satis

289 4731 380 4806 inter
406 4755 442 4806 se
462 4732 673 4834 discrepant,
696 4736 791 4835 quod
814 4760 884 4811 non
907 4735 1034 4810 mirum
1054 4733 1092 4808 in
1112 4718 1315 4810 tractatione
1338 4729 1534 4832 argumenti
1556 4732 1695 4808 obscuri
1706 4741 1742 4808 et
1756 4733 1800 4808 dc

291 4875 361 4950 quo
390 4851 562 4954 principes
588 4855 625 4931 in
652 4857 807 4933 doctrina
834 4855 898 4931 viri
924 4855 1142 4930 dissentiunt.
1194 4853 1275 4930 Alia
1303 4851 1532 4930 conclusionis
1557 4876 1638 4953 pars
1659 4849 1697 4928 in
1723 4853 1800 4930 aliis
