4892 6184
865 700 1141 771 ORATIO.
1717 702 1760 770 99

288 909 354 983 Est
383 910 509 1001 adam,
541 906 637 1008 quod
661 907 706 982 de
728 909 859 1008 patriae
884 909 1097 1000 conditione,
1135 934 1287 1010 quacum
1311 909 1520 992 Academiae
1541 909 1612 986 lata
1634 912 1751 988 arctis·
1898 859 1902 864 ἱ

242 1027 330 1103 simo
362 1030 483 1105 iuncta
515 1034 599 1104 sunt
633 1028 788 1119 siponto,
824 1055 1032 1130 magnopere
1062 1031 1249 1120 laetemur;
1283 1055 1386 1118 nam,
1422 1030 1487 1105 etsi
1512 1029 1605 1104 hisce
1630 1028 1755 1105 diebus

240 1148 394 1247 ingenti,
432 1149 540 1224 eben!
580 1173 750 1248 aquarum
781 1148 948 1224 effusione
983 1174 1147 1250 magnam
1181 1148 1313 1250 accepit
1346 1148 1597 1236 calamitatem,
1637 1155 1754 1224 tamen

239 1268 337 1345 haud
369 1270 440 1346 scio
469 1294 515 1346 an
552 1269 624 1347 nlla
651 1295 739 1370 gens
771 1271 817 1344 sit
845 1270 890 1345 ab
919 1278 1000 1347 ortu
1023 1270 1103 1346 solis
1129 1270 1175 1344 ad
1197 1268 1395 1368 hesperium
1420 1267 1555 1357 cubile,
1592 1269 1757 1368 quaeda

239 1386 403 1464 felicitate
422 1380 615 1466 'nobiscnm
641 1391 751 1489 possit
778 1391 994 1468 contendere.
1043 1390 1147 1466 Faait
1168 1397 1312 1488 paterna
1333 1388 1402 1463 Dei
1425 1388 1684 1476 benevolentia,
1716 1395 1756 1462 ut

173 1605 177 1610 p
240 1507 305 1582 hcc
339 1533 478 1608 quoque
513 1533 606 1586 anno
634 1510 757 1588 Mem
783 1510 853 1584 frui
875 1511 977 1586 uobis
1002 1509 1180 1606 contingat
1202 1508 1446 1608 prosperitate,
1478 1515 1658 1606 cessetque
1681 1506 1754 1583 bel·

239 1625 313 1701 lum
347 1627 443 1702 istud
472 1626 735 1727 gravissimum,
772 1629 868 1727 quod
900 1653 1044 1727 regnare
1079 1629 1115 1702 in
1156 1628 1296 1727 Europa
1329 1627 1550 1702 vehementer
1584 1628 1752 1704 dolemus.

238 1743 426 1821 verissime
449 1746 543 1820 enim
567 1746 676 1821 Poeta
699 1746 833 1824 nullam
857 1747 950 1822 bello
973 1771 1048 1823 esse
1073 1747 1220 1821 salntem
1246 1745 1437 1821 affirmavit.

285 1983 357 2057 Sed
384 1984 610 2061 Academiam
634 1990 885 2073 memorantes,
923 2009 983 2061 vos
1006 1986 1205 2085 praesertim
1229 1991 1347 2062 mente
1368 1983 1648 2084 complectimur,
1681 1984 1757 2060 Viri

237 2100 460 2201 amplissimi!
497 2103 628 2203 quibus
650 2129 734 2180 cura
754 2103 830 2179 eius
853 2105 1017 2181 mandata
1038 2114 1108 2194 est,
1146 2131 1209 2182 nec
1234 2129 1304 2182 non
1332 2113 1387 2194 te,
1422 2103 1485 2203 qui
1507 2103 1576 2178 illis
1600 2103 1645 2180 ab
1670 2105 1756 2181 actis

236 2247 289 2309 es,
322 2222 385 2297 Vir
413 2223 689 2299 consultissime!
727 2223 953 2313 Gaudemns,
984 2225 1050 2300 hoc
1082 2251 1174 2300 anno
1199 2226 1400 2301 academico
1432 2249 1451 2298 a
1478 2231 1591 2299 vestro
1615 2249 1755 2324 quoque
1818 2281 1820 2286 -

234 2341 378 2441 collegio
403 2341 447 2416 de
471 2343 542 2417 vita
568 2342 766 2418 discessisse
790 2343 975 2418 neminem.
1025 2345 1203 2444 Numqui
1226 2343 1292 2420 sub
1313 2343 1520 2443 magistratu
1542 2368 1621 2418 meo
1644 2369 1664 2418 e
1687 2345 1757 2419 vita

235 2461 419 2561 migravit,
454 2463 647 2536 Insanum
672 2463 876 2536 Geminus
901 2463 1243 2553 Sannmsoannnr,
1279 2464 1323 2538 dc
1353 2487 1496 2538 munem
1518 2487 1581 2538 suo
1602 2462 1673 2538 iam
1697 2464 1757 2540 de·

234 2588 394 2657 cessarat.
443 2582 611 2655 Attamen
632 2580 670 2654 et
692 2605 772 2669 vos,
799 2579 836 2654 et
858 2605 922 2656 nos
943 2607 1065 2658 omnes
1088 2584 1178 2658 tanti
1201 2607 1284 2660 eum
1309 2583 1471 2672 fecimus,
1498 2589 1538 2657 nt
1560 2573 1756 2660 admemo-

235 2701 322 2775 riam
346 2701 421 2775 eius
445 2699 663 2776 recolendam
682 2699 994 2801 celebrandamqua
1017 2712 1139 2802 sponte
1163 2704 1342 2778 ducamur.
1379 2703 1464 2778 Erat
1483 2701 1577 2778 enim
1598 2703 1669 2792 vir,
1696 2705 1758 2803 qni

233 2818 366 2920 ingenii
394 2819 594 2918 animique,
621 2818 753 2918 quibas
773 2820 964 2920 gaudebat,
997 2823 1159 2913 dotibus,
1185 2822 1380 2914 alacritate,
1411 2821 1634 2911 mannua,
1660 2846 1755 2900 ama·

234 2938 389 3030 bilitate,
424 2939 615 3029 modestia,
650 2939 817 3030 caudore,
845 2941 975 3042 pietate
999 2967 1168 3043 magnam
1195 2943 1232 3018 in
1255 2943 1398 3020 modum
1425 2967 1462 3018 se
1485 2943 1754 3019 commendaret

234 3060 446 3135 Gravissimo
479 3060 657 3136 curatoris
691 3083 836 3136 munere
867 3060 1009 3136 functas
1039 3069 1093 3137 est
1126 3062 1210 3136 inde
1233 3087 1256 3136 a
1276 3061 1333 3136 die
1356 3063 1403 3136 26
1431 3083 1477 3136 m.
1503 3060 1586 3134 Iulii
1613 3085 1634 3135 a
1660 3062 1756 3136 1819

234 3203 347 3279 nsque
382 3181 427 3256 ad
464 3181 558 3256 diem
588 3186 632 3256 ll
659 3205 706 3257 m.
736 3182 831 3281 Sept.
855 3205 878 3256 a
906 3183 1024 3271 1847,
1054 3190 1162 3281 atqua
1186 3182 1273 3257 adeo
1300 3206 1363 3280 par
1385 3189 1463 3257 cctc
1485 3187 1521 3256 et
1544 3181 1668 3281 viginti
1694 3205 1755 3256 an·

233 3324 316 3388 nos,
345 3300 550 3400 diligenter,
573 3307 734 3389 suanae,
760 3301 937 3400 religiose;
954 3327 1038 3377 nam
1056 3301 1092 3377 a
1109 3302 1259 3392 litteras,
1282 3301 1486 3400 praesertim
1497 3300 1753 3400 philosophiam

233 3418 425 3494 naturalem
449 3419 524 3518 ipse
545 3419 704 3508 amabat,
732 3417 768 3492 (at
790 3418 999 3494 Academiae
1018 3425 1155 3495 nostrae
1177 3421 1270 3496 salus
1291 3445 1392 3496 curae
1413 3420 1464 3496 illi
1483 3419 1648 3519 cordique
1668 3429 1751 3495 erat.

233 3537 391 3612 Decessit
427 3539 537 3639 igitur
572 3539 617 3614 da
653 3560 815 3622 munera,
853 3534 949 3634 quod
980 3536 1217 3635 gratissimum
1241 3538 1292 3612 illi
1319 3545 1393 3614 erat
1417 3538 1753 3636 suavissimumque,

233 3656 305 3730 lere
339 3657 488 3747 invitns3
528 3658 590 3734 sed
623 3663 801 3733 senectute
831 3653 1028 3742 conlectus,
1059 3654 1341 3756 gramssimisque
1371 3656 1511 3732 casibus
1552 3656 1753 3732 domesticis

234 3773 400 3864 afflictus,
429 3801 541 3875 quum
568 3777 732 3864 sentiret,
761 3799 799 3848 se
827 3797 897 3847 non
923 3774 1076 3872 amplius
1099 3773 1289 3874 disiungi
1312 3800 1352 3851 co
1376 3800 1496 3876 possa,
1519 3776 1751 3879 ipsiusmga·

233 3901 293 3981 tu,
324 3920 346 3969 a
382 3896 481 3994 Rege
510 3896 758 3995 augustissimo
788 3893 972 3968 honorifice
1006 3893 1170 3969 dimissm
1201 3902 1265 3970 est.
1318 3896 1473 3972 Tandem
1497 3895 1541 3971 de
1563 3897 1641 3996 ipsa
1660 3897 1751 3974 vitae

235 4012 383 4088 statione
420 4013 585 4088 decessit:
608 3994 773 4089 ¹decessit
812 4022 930 4088 autem
963 4038 1075 4112 aequo
1107 4015 1243 4106 animo,
1277 4041 1417 4092 omnam
1461 4041 1560 4092 suam
1600 4017 1637 4090 in
1674 4018 1751 4093 Dco
1822 4083 1840 4100 .,

233 4132 470 4232 Osarsroque
489 4156 660 4234 reponens
680 4133 867 4221 fiduciam,
900 4131 1057 4232 abiitque
1078 4133 1125 4208 ad
1144 4134 1234 4210 illud
1260 4136 1418 4212 divinum
1446 4137 1644 4212 animorum
1666 4161 1747 4212 con·

232 4251 349 4328 cilium
374 4261 600 4360 coetumque,
632 4277 703 4353 qao
722 4253 867 4354 proiecti
885 4253 955 4327 iam
977 4260 1077 4330 erant
1101 4253 1137 4328 a
1159 4279 1264 4345 uxor,
1289 4256 1419 4332 famina
1446 4255 1505 4354 pia
1527 4256 1746 4355 gravissima·
1903 4343 1905 4348 ¹

232 4396 321 4471 que,
344 4374 381 4448 et
403 4374 497 4450 filius
519 4373 717 4450 carissimus
741 4374 885 4464 unicus,
912 4373 950 4448 et
970 4398 1095 4474 gener,
1121 4395 1226 4473 qnam
1249 4375 1394 4450 maximi
1414 4373 1580 4464 faciebat,
1606 4375 1744 4450 intime·

232 4515 301 4590 que
326 4492 508 4594 diligabat,
533 4494 844 4572 desideratissimus
866 4501 984 4569 noster
1007 4494 1285 4582 Rorsaansms.

280 4731 350 4807 Sed
378 4733 426 4808 ad
451 4742 488 4808 te
513 4757 571 4810 me
601 4741 779 4824 converto,
809 4734 1021 4836 amplissime
1048 4758 1096 4808 aa
1119 4723 1324 4809 Horsnrral
1357 4757 1462 4833 quem
1485 4733 1581 4834 regio
1605 4735 1744 4810 decreto

231 4851 278 4926 sd
299 4875 444 4931 sacuam
467 4854 674 4932 nobilissimi
699 4855 868 4934 Iaranrru
890 4879 915 4931 a
934 4856 1163 4932 Lcunnsnsc
1189 4852 1307 4929 sedem
1326 4853 1562 4954 occupandam
1583 4853 1743 4955 designa·

289 4974 292 4978 ’
1433 4975 1508 5048 13*
