4892 6184
905 709 1184 780 enarro
1320 693 1323 702 ’
1578 797 1580 800 ,
1740 717 1803 782 rm

285 913 442 1007 difficile,
477 919 615 1018 gravius
643 919 749 994 etiarn
778 945 884 1020 quarn
916 921 1001 996 alias
1030 947 1070 997 oc
1097 920 1270 996 difficilius
1299 919 1455 994 reddant.
1507 923 1607 999 Quae
1630 922 1747 996 omnia
1775 925 1805 996 si

285 1038 366 1137 quis
397 1038 514 1113 animo
543 1039 783 1138 perpenderit,
816 1041 912 1116 haud
934 1041 1034 1116 facile
1056 1066 1113 1116 me
1138 1042 1386 1128 affirmantem,
1420 1048 1593 1115 moestum
1613 1066 1653 1115 ac
1678 1049 1802 1116 treme-

284 1159 446 1233 bundum
473 1184 531 1233 me
560 1159 649 1233 hano
678 1159 877 1236 cathedram
909 1160 1148 1249 adscendisse,
1181 1159 1465 1235 dissimulationis
1489 1161 1544 1235 vel
1565 1159 1741 1236 affectatae
1767 1170 1803 1235 et

282 1278 418 1353 fucatae
442 1279 634 1354 modestiae
657 1283 877 1358 accusaverit.

332 1399 409 1472 Neo
435 1398 563 1473 desunt
587 1407 727 1489 tamen,
749 1427 838 1499 quae
861 1403 909 1476 ‘ad
934 1403 1091 1478 animum
1113 1401 1304 1476 demissum
1330 1398 1555 1498 erigendum,
1590 1400 1801 1499 quinetiam

284 1518 379 1594 dulei
402 1519 553 1617 quodam
571 1520 721 1595 laetitiae
742 1545 847 1595 sensu
866 1522 1165 1621 perfundendum,
1190 1519 1367 1620 egregiam
1384 1519 1454 1592 vim
1470 1518 1629 1594 habeant.
1665 1521 1799 1596 Quam-

282 1664 388 1737 quam
418 1640 511 1714 enim
541 1640 637 1713 omni
661 1639 881 1738 disciplinae,
917 1641 947 1714 si
976 1666 1047 1738 qua
1074 1641 1120 1714 ad
1150 1639 1356 1737 Theologiae
1387 1637 1502 1712 studia
1527 1639 1692 1736 pertinet,
1722 1665 1799 1738 per·

281 1757 433 1833 multum
465 1759 626 1832 utilitatis
656 1766 762 1856 atque
794 1760 1020 1834 emolumenti
1053 1761 1165 1834 inesse
1195 1759 1372 1856 intellig0,
1407 1781 1448 1830 ea
1478 1764 1614 1846 tamen,
1648 1759 1799 1856 quaein

280 1876 474 1974 Religionis
502 1883 538 1951 et
568 1878 748 1953 Societatis
772 1879 989 1954 Christianae
1012 1879 1169 1954 Historia
1192 1877 1451 1978 cognoscenda,
1484 1877 1693 1965 enarranda,
1730 1885 1798 1952 tra·

280 1996 407 2070 otanda
434 2004 609 2086 versatur,
637 1998 763 2075 eximia
779 1999 932 2098 quadam
956 1999 1059 2075 laude
1084 2007 1188 2098 atque
1210 1998 1385 2073 industria
1406 1996 1512 2096 digna
1530 1995 1617 2070 mihi
1640 1997 1798 2084 videtur;

280 2115 310 2188 si
340 2115 435 2190 illam
465 2117 587 2192 saltem
617 2119 793 2193 Historiae
816 2119 1016 2194 tractandae
1038 2119 1129 2194 viam
1153 2117 1329 2217 sequaris,
1362 2142 1452 2216 quae
1475 2117 1619 2190 minime
1641 2117 1737 2192 nuda
1757 2142 1798 2192 ac

278 2245 370 2310 tersa
402 2238 615 2313 enarratione
639 2238 849 2326 absolvitur,
882 2239 945 2313 sed
969 2264 1058 2338 quae
1083 2239 1188 2313 etiam
1214 2261 1359 2336 magnos
1381 2261 1497 2310 rerum
1520 2237 1632 2310 flexus
1655 2261 1695 2310 aa
1719 2261 1795 2311 mu·

279 2356 426 2430 tationes
457 2357 616 2455 sequitur
649 2365 686 2432 et
712 2359 923 2448 considerat,
956 2384 1146 2458 eorumque
1178 2383 1317 2434 caussas
1342 2371 1447 2456 atque
1472 2355 1614 2430 effeetus
1635 2355 1796 2456 exponit;

232 2487 236 2495 ’
278 2473 383 2548 verbo
423 2475 552 2550 dicam:
596 2478 692 2552 illam
729 2477 906 2553 Historiae
942 2478 1140 2554 tractandae
1169 2478 1357 2566 rationem,
1391 2502 1480 2574 quae
1518 2501 1594 2550 vere
1630 2477 1796 2575 Pragma-

278 2594 347 2669 tica
377 2594 446 2669 dici
475 2602 606 2693 potest,
638 2595 728 2695 qu‘ae
753 2597 940 2695 Polybium
972 2609 1106 2698 patrem
1135 2606 1240 2696 atque
1273 2605 1448 2672 auctorem
1478 2595 1620 2685 habuit,
1645 2620 1795 2694 quame

276 2713 469 2788 Brittannis
498 2716 647 2790 maxime
679 2717 946 2793 Maransorms
976 2727 1011 2793 et
1044 2721 1257 2807 G1asorvns,
1290 2741 1310 2790 e
1344 2716 1526 2791 Germanis
1555 2715 1795 2803 Hananruos,

275 2835 510 2923 vaorros,
541 2843 582 2909 ut
613 2837 698 2912 alios
723 2838 881 2928 mittam,
907 2839 1110 2938 aequalibus
1135 2839 1207 2914 suis
1228 2837 1535 2924 commendarunt,
1560 2836 1730 2934 cuiusque
1757 2837 1795 2910 in
1905 2849 1912 2860 '

276 2953 340 3027 hac
377 2961 495 3029 nostra
527 2956 639 3054 patria
669 2957 862 3034 Hnosnros
893 2960 951 3034 ille
982 2969 1109 3049 vester,
1141 2967 1177 3034 et
1204 2959 1380 3059 genuinus
1413 2982 1453 3031 ao
1493 2981 1679 3056 germanus
1718 2956 1794 3030 eius

277 3074 466 3173 discipulus
496 3075 760 3153 Rornsansros
797 3079 985 3155 felicissimi
1010 3081 1106 3156 fuere
1128 3081 1287 3156 cultores.
1338 3077 1410 3152 Hic
1431 3077 1597 3151 nimirum
1618 3077 1795 3152 Historiae

275 3194 325 3268 ita
341 3201 506 3271 tractatae
523 3203 576 3270 est
593 3195 726 3272 fructus
743 3199 844 3299 longe
864 3200 1077 3292 uberrimus,
1102 3227 1172 3300 quo
1191 3200 1280 3275 nihil
1301 3193 1457 3288 dulcius,
1478 3198 1567 3273 nihil
1584 3197 1792 3286 iucundius,

275 3314 362 3390 nihil
383 3316 503 3391 utilius
528 3319 718 3418 excogitari
739 3328 873 3420 potest,
898 3331 1029 3398 utnon
1053 3323 1165 3398 solum
1193 3320 1369 3396 hominem
1395 3321 1511 3419 ipsum
1532 3319 1569 3392 in
1592 3343 1694 3394 scena
1714 3345 1804 3418 pro·.

276 3434 440 3510 deuntem
485 3444 590 3536 atque
629 3447 791 3539 agentem
836 3441 1032 3531 videamus,
1073 3442 1135 3516 sed
1173 3439 1419 3540 sapientissimi
1456 3437 1523 3511 Dei
1561 3437 1792 3512 Moderatoria

276 3553 474 3654 Christique
503 3558 613 3658 Regis
643 3559 930 3659 gubernationem
956 3563 1063 3637 veluti
1086 3562 1123 3635 in
1147 3560 1328 3659 speculum
1354 3558 1549 3645 intuentes,
1575 3582 1711 3632 summa
1734 3573 1795 3634 ve·'

274 3673 451 3748 uenatione
472 3683 578 3775 atque
600 3679 826 3755 admiratione
851 3679 1078 3780 abripiamur3
1104 3681 1199 3754 unde
1216 3679 1395 3778 sequitur,
1420 3677 1519 3752 illum
1537 3678 1598 3776 qui
1617 3685 1793 3754 tantarum

228 3864 231 3871 ,
274 3814 391 3864 rerum
413 3793 646 3891 cognitionem
668 3796 847 3896 discipulis
869 3797 941 3871 suis
964 3798 1211 3898 impertiat-
1236 3798 1273 3871 in
1296 3823 1367 3897 quo
1389 3799 1589 3873 Bononaus
1613 3823 1793 3874 summum

274 3909 443 3986 Historioi
464 3936 593 3987 munus
616 3915 805 4014 posuit-
826 3917 901 3992 iure
925 3919 1116 4018 meritoque
1138 3919 1383 3994 administrum
1407 3919 1476 3994 dici
1497 3945 1537 3994 ao
1561 3919 1668 3994 veluti
1691 3945 1789 4019 prae·

274 4039 414 4104 eonem*
427 4033 667 4108 Providentiae
695 4034 841 4114 divinae.
891 4039 1027 4118 Quidni
1057 4039 1166 4139 igitur
1193 4040 1315 4127 laeter,
1348 4040 1392 4113 A.
1418 4039 1468 4112 A!
1495 4037 1651 4114 eiusdem
1672 4041 1790 4115 Provi-

275 4152 413 4228 dentiae
436 4154 580 4228 numine
603 4180 644 4230 ao
665 4156 831 4255 singulari
851 4159 919 4232 Dei
938 4184 1020 4259 erga
1044 4185 1100 4234 me
1124 4160 1239 4234 favore
1265 4159 1352 4233 mihi
1377 4157 1582 4257 contigisse,
1606 4159 1703 4233 utin
1727 4158 1791 4234 hac

276 4271 534 4371 disciplinarum
569 4285 667 4375 parte
694 4284 730 4351 et
760 4278 916 4377 regione,
950 4306 1055 4379 quam
1086 4305 1221 4380 semper
1249 4280 1286 4354 in
1317 4278 1447 4354 deliciis
1470 4277 1669 4366 habuerim,
1695 4287 1790 4352 totus
1862 4280 1865 4286 ’

275 4392 419 4491 degere,
446 4403 543 4470 totus
566 4397 693 4472 versari
717 4399 867 4498 possim,
891 4401 1050 4501 vitaeque
1077 4402 1339 4477 tabernaculum
1362 4399 1525 4473 collocare
1547 4397 1633 4472 mihi
1654 4397 1764 4472 hceat.

326 4513 433 4589 Quod
466 4539 577 4613 quum
607 4517 707 4607 dico,
740 4519 848 4594 nolite
878 4527 1001 4619 putare
1032 4522 1076 4596 de
1100 4522 1207 4596 altera
1232 4519 1460 4594 demandatae
1485 4518 1573 4593 mihi
1595 4517 1789 4616 provinciae
1859 4507 1864 4524 ’

273 4639 372 4728 parte
405 4632 523 4708 minus
555 4636 740 4712 honorifice
773 4666 795 4714 a
825 4665 882 4715 me
916 4641 1082 4732 iudicari,
1117 4643 1172 4717 vel
1207 4668 1264 4718 me
1297 4665 1416 4715 eornm
1447 4639 1592 4739 probare
1625 4639 1788 4739 iniquita·

272 4757 363 4839 tem,
392 4753 453 4850 qui
482 4755 537 4829 vel
565 4758 758 4858 Exegesin,
791 4761 844 4835 vel
875 4763 1117 4862 Dogmaticam
1147 4763 1202 4854 vel
1233 4761 1426 4837 Historiam
1451 4768 1618 4860 tanquam
1643 4760 1789 4841 Theolo-

274 4869 352 4968 giae
384 4873 541 4973 reginam
584 4879 748 4955 laudibus
784 4882 975 4972 extollunt,
1010 4885 1073 4958 sed
1107 4883 1330 4984 Theologiam
1362 4881 1532 4958 Moralem
1562 4881 1615 4956 vel
1642 4881 1788 4958 Ethicen

447 5012 451 5022 '
574 4997 581 5008 ’
1501 5004 1546 5078 17
