4892 6184
488 880 697 945 aunuum
722 877 1039 948 DAVENTRIENSIS
1065 882 1314 955 CURATORES,
1343 882 1429 943 VIBI
1459 880 1762 953 ILLUSTRISSIMI,

528 984 773 1058 AMPLISSIMI,

488 1111 561 1195 uui
580 1133 648 1195 ura
667 1134 720 1195 aa
739 1134 854 1195 acne
873 1136 935 1209 ue,
956 1136 1026 1197 vna
1045 1132 1259 1213 nnumuuu
1279 1130 1541 1203 vnunnaunn,

488 1279 756 1343 DECURIONUM
783 1282 1082 1347 Mumcffnmunt
1101 1280 1358 1347 Luculssmus
1379 1278 1504 1353 ORDO,
1532 1277 1617 1337 VIRl
1638 1276 1764 1337 HONE·

530 1382 714 1457 STISSIMI,
914 1412 917 1417 ·
1496 1405 1501 1417 ·

488 1527 558 1589 VIR
586 1528 728 1591 RERUM
757 1530 1021 1606 Pumulasmu,
1051 1532 1126 1594 um
1155 1528 1266 1593 NUNC
1294 1530 1490 1591 elvlunuus
1519 1528 1622 1589 ACTA
1648 1526 1764 1589 QUAM

530 1632 694 1693 Maxuma
715 1634 861 1708 GUBAS,
1496 1666 1500 1675 ·

490 1778 699 1839 nnunuanr
729 1780 934 1845 nauseare
964 1780 1122 1843 ancnon
1152 1778 1393 1850 memnon,
1431 1777 1589 1839 vosuuu
1622 1777 1765 1837 cunum

527 1880 844 1946 mscmnmnnuu
876 1884 1146 1975 raounasoans
1174 1880 1416 1961 animamur,
1453 1877 1766 1954 contueremur

529 1982 878 2092 commentamur,

489 2130 771 2193 nnunmrasmn
791 2132 948 2197 nncroa
967 2128 1257 2194 nnceumoauu
1278 2095 1552 2210 ninnnenunu,

489 2277 658 2366 unimur
669 2276 1086 2352 urcuunorannnsrm,
1105 2273 1465 2347 vmranvnmsum,
1480 2270 1765 2343 murenarum,

491 2421 789 2483 eruunsronuu
809 2421 1032 2495 nocuoaus,
1053 2422 1321 2484 numerurm
1341 2422 1475 2483 nunna
1494 2419 1721 2515 cumaeae,

487 2517 849 2629 sacunanunuunn
869 2567 1117 2641 numanum,
1138 2568 1223 2629 vnn
1243 2568 1458 2631 nnnmuuu
1473 2566 1725 2639 vernulum,

486 2711 592 2773 Quos
632 2712 812 2776 eumuna
852 2713 937 2776 Huc
974 2714 1125 2775 ultam
1161 2712 1251 2777 ulus
1284 2714 1429 2776 FESTUS
1460 2713 1766 2787 annuntiantia,
1827 2724 1830 2735 ¹

529 2814 731 2878 clausam
749 2815 958 2891 HOSPITBS,

490 2960 649 3024 naulum
668 2962 720 3023 ΕΤ
740 2962 1054 3025 DISCIPLINARUM
1072 2962 1281 3025 Docuoaus
1301 2956 1589 3036 ERUDITISSIMI,

485 3105 691 3168 ILLUS'I'BIS
709 3108 884 3169 nuluscu
905 3108 1087 3170 scflouau
1107 3109 1322 3186 DISCIPULI,
1342 3111 1421 3175 IAM
1440 3112 1551 3173 NUNC
1574 3109 1768 3172 conmuc-

529 3209 678 3271 ulsslnss
698 3212 1021 3284 commortua,

486 3353 715 3419 uuomuou
730 3358 910 3431 nunsula,
931 3356 1157 3420 AUDlTORES
1177 3358 1466 3431 HUMANISSIMI,

366 3719 566 3843 Quaerenti
598 3744 706 3835 mihi,
737 3748 912 3846 quomodo
934 3755 1048 3824 vestra
1068 3771 1210 3836 corona,
1241 3734 1482 3825 at'leetiasimo
1509 3751 1574 3825 hoe
1596 3760 1768 3825 conventu

247 3866 394 3967 dignum
426 3867 616 3943 invenirem
646 3876 912 3967 argumentum,
952 3865 1081 3942 sensim
1118 3874 1155 3940 et
1193 3867 1258 3943 hoe
1287 3869 1325 3944 in
1356 3876 1510 3945 mentem
1538 3868 1649 3959 venit,
1683 3870 1769 3969 quid

246 3994 357 4077 esset,
384 4012 455 4064 eur
491 4011 621 4063 munus
652 3987 876 4075 anteneeaoria
905 3972 1149 4086 gravissimum
1172 3985 1432 4086 auspicaturus,
1457 3989 1610 4088 longiore
1634 3989 1679 4063 ad
1708 4014 1769 4063 voa

246 4110 363 4182 uterer
392 4107 556 4183 oratione.
615 4106 735 4183 Huius
769 4107 818 4183 rei
846 4106 938 4183 enim
961 4130 1066 4181 eausa
1088 4129 1203 4205 neque
1226 4105 1276 4181 ibi
1301 4107 1389 4183 setie
1413 4108 1538 4183 idonea
1557 4108 1670 4206 posita
1684 4118 1767 4196 eet,

247 4226 342 4326 qnod
373 4226 441 4327 ipai
472 4252 562 4327 quae
590 4228 779 4329 sentimus,
811 4226 959 4302 libenter
979 4226 1182 4328 eloquamur
1203 4244 1322 4303 reeens
1349 4226 1386 4302 in
1409 4228 1607 4303 cathedram
1637 4230 1767 4316 vocati,

249 4370 365 4445 neque
386 4346 469 4422 inde
494 4346 703 4447 explicetur,
727 4347 823 4447 quud
843 4346 953 4448 ipsine
978 4345 1132 4420 muneris
1152 4346 1286 4422 indoles
1307 4372 1389 4423 num
1413 4346 1609 4445 eloquentia
1636 4348 1766 4446 aliqua-

249 4466 434 4541 tenuerit
468 4466 713 4556 noniunntum,
748 4473 810 4543 aut
843 4466 945 4555 inde,
980 4453 1075 4565 quod
1105 4464 1254 4541 rationes
1286 4465 1386 4565 quasi
1416 4466 1550 4542 dandae
1571 4466 1672 4541 nobis
1698 4466 1768 4541 sint

248 4585 324 4671 eius
346 4584 541 4675 doetrinae,
566 4612 673 4686 quam
699 4610 820 4662 sumna
840 4586 1011 4662 tradituri.
1061 4588 1227 4661 Attamen
1248 4594 1372 4662 cuneta
1390 4586 1495 4674 haee,
1520 4586 1585 4660 etsi
1605 4592 1678 4660 rem
1696 4610 1766 4660 non
1838 4604 1841 4611 '

248 4729 388 4781 omnem
418 4706 623 4807 expedient,
659 4715 751 4783 certa
773 4706 868 4783 haud
890 4708 1002 4782 aliena
1026 4705 1176 4781 suntab
1203 4706 1278 4783 eius
1302 4706 1434 4795 causis,
1460 4728 1573 4804 neque
1596 4705 1767 4780 absonum

249 4823 402 4915 ridetur,
438 4826 482 4901 de
513 4822 661 4928 singulis
696 4827 801 4928 paulo
833 4826 1026 4904 aenuratiua
1059 4826 1182 4905 dicere.
1244 4827 1350 4908 Quod
1376 4834 1493 4903 tamen
1517 4825 1561 4899 de
1583 4823 1645 4915 iia,
1678 4850 1767 4923 quae
1819 4895 1821 4908 ,
