4892 6184
850 711 1127 783 uusrlo.
1704 717 1747 784 97

283 1038 392 1118 Quod
416 1047 456 1114 ut
476 1026 558 1129 liat,
586 1040 764 1116 attendere
784 1042 889 1118 etiam
915 1068 979 1118 nos
998 1049 1134 1141 oportet
1152 1041 1198 1115 ad
1216 1039 1318 1128 fidei,
1344 1063 1451 1138 quam
1474 1039 1740 1140 descripsimus,

199 1240 201 1244 v
231 1160 396 1234 indolem.-
429 1183 519 1257 quae
546 1183 682 1258 semper
706 1162 828 1237 eadem
852 1170 925 1252 est,
951 1187 1064 1261 quum
1087 1161 1262 1236 obiectum
1289 1159 1364 1236 eius
1388 1160 1563 1236 diversum
1585 1186 1659 1238 esse
1682 1187 1742 1261 po-

233 1285 312 1352 test.
357 1261 464 1357 Quod
494 1279 652 1356 videmus
683 1307 753 1358 non
783 1290 922 1358 tantum
950 1283 988 1356 in
1015 1282 1130 1382 gentis
1155 1279 1364 1356 Israelitieae
1390 1288 1487 1380 patre
1500 1281 1583 1374 ¹⁴⁶),
1621 1280 1743 1355 sedin

233 1421 339 1495 quam
363 1398 541 1498 plurimis,
568 1425 717 1500 quorum
738 1402 827 1477 fides
849 1404 896 1477 N.
919 1404 960 1477 F.
986 1402 1083 1476 libris
1106 1413 1314 1498 magnopere
1335 1399 1498 1474 laudatur
1521 1407 1626 1498 atque
1645 1398 1743 1474 effer·

233 1526 311 1605 tur,
337 1516 417 1592 licet
441 1543 553 1617 pauca
574 1529 712 1596 tantum
735 1523 861 1621 placita
885 1521 1023 1620 cognita
1045 1519 1113 1594 illis
1138 1525 1254 1593 essent
1275 1525 1311 1592 et
1334 1527 1473 1618 accepta
1486 1520 1563 1612 ¹⁴⁷).
1599 1519 1744 1594 Illorum

232 1635 398 1741 nimirum
430 1637 518 1711 fides
550 1661 620 1714 non
647 1639 685 1712 in
717 1646 834 1714 mente
858 1640 983 1727 modo,
1022 1638 1151 1713 sedin
1182 1637 1301 1713 animo
1326 1638 1530 1737 praesertim
1554 1639 1744 1728 residebat,

233 1779 402 1854 suamque
433 1756 503 1829 vim
538 1763 575 1830 et
596 1756 832 1834 efficacitatem
855 1759 893 1832 in
914 1765 989 1833 tcta
1007 1757 1146 1832 illorum
1173 1757 1245 1832 vita
1267 1757 1504 1855 patefaciebat.
1555 1758 1659 1833 Hanc
1679 1759 1745 1857 igi·

230 1883 292 1948 tur
319 1873 447 1962 fidem,
481 1899 571 1972 quae
607 1899 686 1950 vere
718 1877 806 1952 fides
844 1877 913 1953 dici
946 1884 1118 1965 meretur,
1153 1875 1189 1951 st
1218 1876 1287 1977 ipsi
1318 1883 1514 1963 sectemur,
1554 1877 1591 1950 et
1612 1877 1649 1952 in
1671 1877 1747 1952 aliis
1874 1891 1877 1899 '

230 1992 445 2090 requiramus
472 1994 686 2094 maximique
715 1997 893 2112 molamus.
944 2001 1047 2077 Quae
1074 2022 1145 2097 quo
1178 1997 1293 2097 magis
1325 2005 1447 2096 regnat
1479 1997 1516 2071 in
1549 1996 1670 2085 nobis,
1706 2021 1746 2072 eo

229 2113 347 2187 minus
370 2112 536 2212 proclives
557 2115 686 2191 erimus
709 2117 755 2192 ad
769 2114 850 2192 'illos
872 2117 1162 2204 contemnendos,
1184 2127 1220 2191 et
1243 2115 1549 2206 condemnandos,
1574 2115 1656 2215 qui,
1681 2119 1747 2190 etsi

229 2233 267 2305 in
288 2232 464 2307 nonnullis
484 2258 505 2307 a
526 2234 627 2308 nobis
650 2235 881 2325 dissentiunt,
905 2261 984 2311 vera
1006 2243 1122 2310 tamen
1143 2236 1212 2310 fide
1237 2262 1273 2310 se
1297 2237 1449 2335 gaudem
1467 2237 1742 2328 ostendant¹⁴⁸).

230 2353 356 2450 Neque
387 2353 482 2426 enim
512 2362 653 2452 propter
687 2353 848 2431 reiectam
882 2355 1028 2430 alieuius
1061 2353 1127 2429 loci
1157 2355 1497 2454 interpretationem,
1534 2354 1579 2429 de
1609 2379 1679 2454 qus
1709 2357 1747 2432 iu
1863 2407 1866 2418 ·
1967 2377 2014 2454 J

231 2479 576 2570 utramquepartem
605 2473 774 2572 disputari
796 2474 922 2573 possit,
960 2482 1182 2573 aut'propter
1201 2481 1337 2550 certum
1360 2465 1537 2574 quoddam
1558 2472 1745 2572 placitum,

230 2592 268 2666 in
292 2591 441 2666 dubium
463 2578 640 2680 vocatum,
668 2593 750 2692 quia
773 2593 888 2667 doceri
912 2593 1061 2667 illudis
1084 2593 1211 2667 (lodice
1233 2617 1260 2666 s.
1284 2591 1386 2666 nobis
1406 2614 1476 2665 non
1496 2599 1631 2667 constat
1643 2627 1653 2680 ;
1685 2594 1747 2668 sed

230 2719 370 2811 propter
393 2709 555 2784 reiectam
570 2711 844 2816 patefactionem
869 2709 1043 2797 divinam,
1068 2708 1130 2782 sed
1149 2715 1290 2808 propter
1310 2708 1477 2783 reiectum
1494 2709 1744 2810 Evangelium,

231 2830 293 2906 sed
312 2838 453 2930 pmpter
468 2829 634 2905 reiectum
657 2831 873 2920 Germanus,
905 2828 1188 2902 conservatorem
1207 2836 1366 2903 nostrum
1383 2827 1548 2917 unicum,
1571 2828 1633 2904 sed
1644 2854 1747 2929 prop·

230 2959 283 3024 ter
310 2950 471 3024 reiectam
496 2948 564 3024 Dei
591 2950 759 3049 gratiam
788 2948 825 3023 in
846 2971 888 3022 eo
906 2948 1020 3046 palem
1040 2946 1186 3035 factam,
1213 2947 1534 3023 condemnabimur.
1587 2948 1746 3028 Quicun-

231 3092 300 3167 que
329 3092 427 3143 suam
448 3067 486 3142 in
505 3069 582 3144 Deo
606 3070 841 3168 Onarsroque
863 3066 1027 3143 fiduciam
1046 3091 1236 3165 reponens,
1266 3091 1407 3143 omnem
1427 3091 1527 3142 suam
1547 3093 1569 3142 a
1588 3069 1664 3144 Deo
1686 3094 1748 3169 per

231 3189 428 3273 Cnarsrorr
457 3213 518 3288 spe
546 3197 722 3289 exspectat
749 3191 917 3277 salutem,
949 3187 1119 3285 cuiusque
1134 3188 1233 3262 ”fides
1262 3188 1396 3263 fruetus
1421 3189 1528 3262 laetos
1552 3195 1588 3262 et
1621 3190 1746 3265 uberes

231 3308 317 3396 lert,
335 3309 373 3382 in
395 3333 511 3382 amore
531 3334 613 3386 cum
636 3336 718 3410 erga
739 3311 856 3384 Deum
878 3308 1165 3406 Onursrorrque,
1193 3315 1273 3384 tum
1304 3333 1386 3408 erga
1410 3307 1533 3384 iratres
1553 3333 1745 3409 omnesque

230 3435 375 3504 naturae
407 3453 490 3503 suae
526 3430 634 3505 socios
670 3429 949 3530 conspiciendos,
980 3427 1075 3503 hunc
1105 3427 1295 3502 Cnsrsrus
1327 3428 1365 3500 in
1397 3427 1471 3501 suis
1496 3427 1619 3516 habet,
1651 3428 1745 3502 hunc

210 3571 345 3632 ,eoram
378 3549 482 3622 Patre
524 3572 587 3623 suo
619 3549 860 3635 mnfitobitur,
895 3548 988 3622 hunc
1018 3545 1183 3644 proillio
1216 3570 1280 3620 suu
1318 3552 1482 3644 agnoscet
1514 3545 1590 3644 ipse
1618 3545 1747 3634 Pater,

230 3665 325 3741 hunc
352 3667 423 3741 vita
444 3675 583 3744 aeterna
606 3669 795 3744 fruiturum
819 3691 893 3742 esse
915 3673 1007 3740 certo
1029 3663 1155 3738 certius
1178 3663 1375 3739 statuimus.
1410 3662 1508 3741 Quid
1528 3662 1637 3762 igitur
1658 3666 1746 3738 nos?

231 3785 329 3859 Num
356 3809 420 3859 nos
451 3809 530 3862 eum
566 3786 894 3872 condemnabimus,
926 3793 961 3858 et
992 3810 1013 3858 a
1041 3783 1203 3857 societate
1223 3791 1342 3858 nostra
1364 3781 1609 3870 excludemus,
1641 3807 1747 3882 quem

231 3903 437 3993 Casurus,
465 3907 622 3981 omnium
642 3907 805 3981 dominus
827 3904 1020 4002 iudexque,
1053 3926 1158 4001 quem
1180 3901 1256 4000 ipse
1279 3902 1376 3975 Deus
1398 3901 1585 3999 acceperit,
1614 3902 1746 4000 palam·

231 4048 300 4120 que
330 4022 414 4097 olim
442 4023 488 4096 sit
514 4024 748 4122 probaturus?
786 4024 910 4098 Absit!
948 4021 999 4094 Ut
1027 4044 1234 4119 germanum
1255 4020 1412 4094 Cesrssr
1434 4019 1668 4118 discipulum,
1703 4031 1743 4097 ut

229 4141 297 4215 Dei
324 4141 455 4229 filium,
490 4152 529 4215 ut
558 4141 698 4218 fratrem
730 4149 910 4229 nostrum,
945 4163 1134 4239 varumque
1162 4140 1335 4215 Ecclesiae
1360 4146 1496 4214 nostroe
1520 4140 1652 4216 socium
1680 4166 1744 4216 nos

231 4285 370 4359 quoque
400 4286 481 4336 eum
515 4286 763 4361 agnoscamus,
797 4263 1000 4361 diligamus,
1033 4284 1207 4347 amemus,
1222 4260 1316 4352 ¹⁴⁰)1
1364 4261 1411 4333 Et
1443 4259 1473 4332 si
1509 4258 1595 4356 quid
1633 4260 1679 4333 sit
1708 4261 1745 4333 in

231 4381 312 4467 illo,
351 4380 445 4479 quod
481 4381 678 4480 displiceat,
713 4385 751 4457 in
788 4408 858 4482 quo
889 4407 1001 4457 errare
1032 4381 1132 4456 nobis
1164 4379 1345 4467 videatur,
1379 4379 1423 4453 de
1450 4402 1491 4452 eo
1516 4376 1626 4453 amice
1647 4377 1747 4454 illum

231 4499 499 4590 admoneamus,
525 4501 599 4576 sine
618 4503 669 4577 ira
689 4510 725 4576 et
747 4502 827 4577 odio
848 4527 930 4577 cum
950 4502 1009 4577 illo
1027 4501 1271 4599 disputemus,
1293 4498 1470 4573 meliorem
1486 4497 1746 4596 plenioremque

230 4619 280 4694 rei
310 4619 559 4720 cognitionem,
590 4621 636 4697 ad
661 4621 803 4698 Panum
830 4623 1048 4720 exemplum,
1076 4622 1197 4696 oDeo
1225 4617 1277 4692 illi
1302 4624 1503 4716 exoptantes
1517 4619 1595 4708 ¹⁶⁰).
1644 4617 1745 4694 Haec

232 4738 333 4812 unica
359 4739 413 4814 via
437 4748 509 4828 est,
540 4764 629 4840 qua,
653 4764 735 4816 meo
761 4741 901 4840 quidem
928 4741 1079 4828 iudicio,
1108 4743 1305 4837 praesentes
1335 4735 1413 4812 litas
1438 4737 1587 4812 diminui
1611 4738 1743 4837 possint

231 4865 337 4955 atque
361 4861 530 4962 componi

1464 4982 1509 5054 18
