4892 6184
851 673 1132 750 ORATIO.
1706 669 1750 748 bt

238 893 398 963 vocantes
410 881 616 988 ¹⁸⁷),gquae
635 886 673 961 in
696 886 739 962 iis
759 890 927 966 contineri
950 892 1018 967 sibi
1042 892 1241 978 videantur,
1268 883 1323 963 val
1346 911 1426 964 cum
1450 910 1621 962 sacrorum
1643 889 1748 962 libro·-
1820 959 1822 962 ,

237 1031 317 1082 rum
351 1006 463 1082 effatis
498 1008 614 1082 miuus
642 1003 886 1108 congruentia,
917 1013 971 1089 vel
1003 1013 1128 1088 horum
1159 998 1305 1086 modum
1336 1009 1552 1097 excedentia,
1590 1007 1752 1107 amplecti

237 1138 344 1227 atque
372 1129 560 1203 dooere-se
584 1152 685 1228 posse
706 1138 858 1229 negent,
890 1132 1079 1208 dummodo
1104 1131 1296 1232 principem
1319 1130 1418 1204 illum
1442 1130 1557 1204 locum
1581 1153 1650 1203 non
1672 1129 1749 1203 reii-

237 1249 349 1335 ciant,
381 1248 443 1348 qui
465 1247 502 1321 in
528 1247 685 1323 Gnarum
706 1259 741 1325 et
762 1251 1008 1350 Apostolorum
1031 1254 1186 1328 doctrina
1208 1257 1349 1350 regum,
1381 1271 1554 1347 quemque
1576 1273 1751 1323 sacrorum

237 1369 490 1444 Instauratores
517 1392 539 1442 e
562 1367 715 1443 tenebris
743 1369 781 1444 in
812 1370 926 1446 lucem
957 1373 1194 1472 protulerunt,
1223 1371 1336 1444 locum
1368 1367 1444 1444 dico
1477 1368 1520 1443 de
1540 1370 1750 1468 Evangelio,

236 1487 274 1560 in
303 1486 400 1561 libris
423 1512 468 1562 ss.
490 1485 673 1562 nobiscum
696 1490 970 1578 communicato,
995 1491 1110 1566 locum
1132 1490 1210 1564 dico
1233 1488 1276 1561 de
1294 1488 1381 1562 Iesu
1398 1488 1584 1576 Cunrsro,
1606 1489 1752 1563 Conser-

238 1615 354 1683 vatore
375 1614 493 1682 nostro
515 1607 773 1694 unica-losum
798 1607 875 1682 dico
897 1609 942 1682 de
962 1610 1059 1696 Deo,
1083 1609 1145 1707 qui
1167 1615 1265 1683 tanto
1287 1607 1461 1696 mundum
1480 1616 1683 1707 prosecutus
1708 1609 1753 1683 sit

239 1749 371 1812 amore,
407 1729 448 1796 ut
478 1722 666 1821 unigenam
697 1746 801 1797 snum
830 1725 960 1799 Filium
993 1726 1147 1813 dederit,
1181 1725 1227 1800 ad
1255 1725 1463 1824 unicuique,
1492 1727 1598 1802 fidem
1619 1728 1670 1802 illi
1692 1729 1752 1803 ha·
1892 1819 1895 1826 ,

240 1840 358 1930 benti,
387 1848 563 1918 aeternam
587 1841 694 1915 vitam
715 1840 1037 1950 beatitudinemque
1059 1844 1256 1919 donandam
1270 1846 1360 1936 ¹³⁸),
1384 1845 1457 1933 vel,
1479 1845 1555 1920 aliis
1577 1847 1689 1921 verbis
1708 1848 1753 1922 ad
1831 1866 1835 1872 ’

241 1963 388 2036 eandem
411 1985 486 2035 rem
509 1961 769 2060 exprimendam
792 1962 979 2052 adhibitis,
1001 1965 1116 2039 locum
1137 1964 1181 2039 de
1201 1966 1301 2053 Deo,
1323 1964 1431 2063 gratis
1444 1989 1507 2039 nos
1516 1965 1753 2078 justos'deola·

237 2089 355 2169 rante,
377 2089 413 2155 et
433 2088 475 2154 ut
497 2080 608 2155 iustos
623 2088 820 2171 tractante,
845 2091 1017 2183 quotquot
1040 2085 1111 2159 fide
1131 2109 1213 2159 cum
1235 2085 1403 2158 Onsrsro
1425 2084 1538 2184 juncti
1552 2081 1661 2160 simus
1675 2085 1752 2178 ¹³⁰).

287 2321 357 2394 Sed
380 2321 474 2395 dicat
495 2319 584 2393 lorte
606 2318 704 2417 quise
732 2320 819 2420 quid
841 2321 1019 2420 proficies,
1046 2321 1092 2394 ad
1115 2319 1280 2396 (lodicem
1304 2323 1339 2396 S.
1357 2330 1536 2422 tamquam
1559 2326 1710 2414 fontem,
1734 2351 1754 2399 e

237 2464 308 2539 quo
340 2438 574 2514 hauriendum
605 2437 651 2513 sit
677 2438 760 2513 fidei
780 2437 975 2528 obiectum,
1007 2439 1170 2545 continue
1198 2443 1447 2518 recurrendum
1471 2467 1545 2518 esse
1569 2447 1753 2520 statuens?

236 2562 295 2634 An
318 2559 385 2634 tibi
408 2560 568 2659 ignotum
592 2565 646 2631 est
669 2556 890 2633 verissimum
914 2559 1002 2634 illud
1026 2583 1277 2636 nannenten
1301 2549 1533 2661 epigrammu=

556 2699 615 2760 His
633 2699 706 2760 liber
725 2705 783 2773 est,
803 2699 833 2760 in
853 2721 909 2782 quo
928 2721 979 2763 sua
997 2702 1105 2783 quaerit
1124 2702 1257 2782 dogmata
1276 2703 1407 2784 quisque,

591 2801 709 2863 haunit
729 2807 757 2863 et
776 2803 880 2884 pariter
899 2803 1031 2883 dogmata
1049 2805 1165 2884 quisque
1184 2805 1313 2881 sua¹*⁰)l

283 2925 491 3025 Respondeo
512 2947 595 2999 cum
616 2923 903 3002 Caursoerono:
930 2930 1059 3006 πάντα
1075 2930 1126 3005 τοὶ
1145 2929 1348 3029 ἀναγκαῖα
1369 2927 1466 3023 δῆλα
1482 2925 1562 3022 ¹⁴¹).
1601 2931 1754 3005 Dissidia

234 3053 353 3122 autem
371 3045 440 3120 iata
458 3042 669 3143 deploranda
680 3099 690 3133 ,
703 3047 900 3143 quaeluere
913 3033 950 3122 et
961 3048 1075 3127 adhuc
1090 3049 1221 3124 suntin
1235 3050 1408 3138 Ecclesia,
1425 3073 1588 3150 maguam
1600 3058 1753 3150 partem,

234 3166 379 3242 diversis
401 3166 593 3239 multorum
609 3164 799 3240 tribuenda
812 3175 895 3272 sunt
908 3167 1034 3242 studiis
1045 3169 1082 3243 in
1094 3169 1261 3245 altissima
1272 3176 1308 3244 et
1322 3170 1580 3246 abstrusissima
1594 3196 1754 3271 quaequa

233 3286 457 3386 penetrandi,
481 3292 587 3384 atque
608 3285 820 3384 explicandi,
846 3310 936 3386 quae
960 3289 1129 3388 explicata
1152 3313 1222 3364 non
1248 3297 1330 3364 suut
1354 3290 1391 3363 in
1418 3289 1514 3364 libris
1539 3315 1601 3379 ss,
1624 3292 1753 3390 quippe
1877 3347 1882 3360 .

232 3415 372 3506 captum
405 3413 563 3480 nostrum
596 3405 813 3503 superantia:
851 3432 921 3506 quo
945 3407 1170 3498 factumest,
1207 3416 1245 3483 ut
1274 3410 1311 3483 hi
1337 3410 1383 3484 ad
1407 3410 1600 3498 Saenuurr,
1631 3409 1682 3484 illi
1707 3409 1753 3483 ad

231 3531 341 3614 Anrr,
365 3526 424 3600 alii
447 3525 493 3600 ad
513 3523 599 3600 alios
622 3523 773 3625 prolapsi
805 3527 935 3602 luerint
965 3551 1104 3602 errores.
1155 3528 1332 3602 Praeclare
1350 3530 1609 3603 Meesuruou:
1640 3527 1752 3602 abone
1878 3615 1883 3622 1

236 3645 391 3733 nDeus'',
422 3645 557 3743 inquit,
595 3645 737 3744 aquales
759 3648 954 3745 tragoedias
980 3645 1144 3722 excitabit
1169 3647 1432 3744 haec'quaestio
1453 3647 1500 3722 ad
1519 3655 1691 3746 posteros:
1718 3646 1758 3725 εἰ

237 3767 369 3841 edem
397 3766 609 3851 ὑπόστασις
633 3766 655 3839 ὁ
685 3767 839 3863 Λόγος,
870 3765 909 3840 ss'
928 3749 1034 3841 dcccv
1060 3765 1274 3850 ὑπόστασις
1297 3765 1342 3839 τὸ
1363 3767 1528 3858 Πνεῦμα
1534 3785 1553 3854 ,⁴
1587 3765 1664 3864 Ego
1695 3791 1752 3840 me

236 3884 367 3958 arelero
391 3883 437 3957 ad
460 3878 536 3958 illas
564 3882 761 3980 Scripturas
787 3906 904 3972 voces,
930 3909 1019 3983 quae
1042 3882 1165 3957 iubent
1186 3882 1343 3956 invocare
1366 3882 1562 3971 Christum,
1587 3883 1683 3982 quod
1699 3897 1752 3959 est
1858 3922 1859 3926 ¹

236 4004 290 4076 eei
311 4004 475 4077 honorem
500 4001 689 4076 divinitatis
714 4001 886 4092 tribuere,
911 4012 946 4077 et
967 4004 1109 4102 plenum
1132 4001 1376 4077 consolationis
1399 4010 1471 4076 est:
1496 4003 1569 4089 τάς
1587 4033 1629 4079 τε
1643 4000 1750 4090 ἰδίας

232 4134 311 4199 τῶν
337 4122 579 4200 eromenes
602 4125 672 4198 καὶ
694 4121 886 4223 διάφορας
910 4124 1087 4225 ἀκριβῶς
1112 4127 1239 4214 ζητεῖν
1260 4123 1306 4196 ed
1328 4123 1429 4198 πάνυ
1444 4118 1654 4222 ’συμφέρει”
1670 4126 1748 4216 ¹⁴²).

232 4247 280 4319 Et
303 4244 407 4319 alibi:
443 4244 633 4343 nMysteria
656 4242 847 4318 divinitatis
871 4245 998 4319 rectius
1021 4243 1292 4329 adoraverimus,
1316 4265 1423 4340 quam
1447 4243 1746 4343 castigaverimus:

236 4364 329 4436 nimo
349 4362 422 4434 sine
449 4385 577 4462 magno
599 4359 751 4462 periculo
767 4361 895 4436 tentari
914 4385 985 4437 non
1006 4367 1167 4462 possunt;
1192 4360 1231 4434 id
1251 4362 1346 4460 quod
1365 4385 1435 4438 non
1457 4385 1534 4438 raro
1559 4364 1669 4437 sancti
1686 4363 1750 4436 viri

236 4483 363 4556 traham
400 4488 483 4556 sunt
511 4481 667 4581 experti''
690 4483 769 4575 14θ).
819 4483 926 4562 Quod
955 4490 1073 4557 tamen
1103 4506 1178 4587 'non
1207 4480 1257 4556 ita
1281 4481 1518 4580 accipiendum
1544 4490 1616 4570 est,
1650 4508 1691 4557 ac
1720 4484 1749 4557 si

233 4603 472 4676 damnandum
503 4604 591 4677 foret
618 4603 755 4678 illorum
786 4603 964 4692 studium,
997 4603 1059 4702 qui
1087 4603 1194 4677 fidem
1217 4601 1263 4677 ad
1286 4602 1500 4676 intellectum
1525 4602 1666 4677 evehere
1691 4627 1747 4677 co-

233 4733 379 4811 nentur,
401 4745 482 4796 nam
505 4723 606 4798 sicuti
625 4722 663 4797 in
687 4747 801 4799 rerum
821 4730 967 4812 natura,
991 4723 1094 4797 itaet
1117 4723 1154 4796 in
1177 4721 1275 4796 libris
1298 4746 1343 4796 ss.
1366 4720 1630 4821 patefactionem
1648 4743 1748 4798 suam

234 4845 331 4920 Deus
359 4843 540 4920 uobiscum
566 4844 850 4937 communicavit,
875 4851 916 4918 ut
937 4867 1014 4919 eam
1036 4844 1362 4943 contemplaremur,
1386 4851 1422 4918 et
1439 4843 1555 4942 quoad
1575 4843 1650 4919 eius
1673 4845 1747 4952 fieri
