4892 6184
698 611 740 676 28
1147 613 1181 682 F.
1210 611 1250 682 G.
1281 612 1510 681 KRIEGER
1539 606 1741 677 oliano,

744 818 871 918 Itnquo
893 820 1046 920 pergite,
1073 819 1334 898 commilitones
1359 819 1625 907 iucundissimi,
1654 814 1794 902 eadem,
1820 837 1926 913 quam
1942 812 2089 914 ingrcssi
2104 815 2208 905 ostis,

698 937 772 1012 viat
806 940 936 1014 Animo
961 946 1069 1015 estote
1094 938 1194 1012 hilari
1217 948 1323 1039 atque
1351 965 1488 1029 securo,
1512 946 1554 1013 ut
1579 939 1720 1012 iuvenes
1744 936 1853 1011 <locat
1902 935 2083 1011 Furamiui
2106 936 2208 1012 liber·
2259 959 2274 978 ‘

697 1063 769 1131 tate
800 1066 932 1148 vestra,
966 1057 1151 1133 delibatote
1177 1061 1249 1134 mel
1274 1061 1376 1137 dulce
1402 1060 1497 1158 quod
1522 1059 1682 1134 iuventae
1705 1055 2004 1157 splendidissimus
2027 1056 2093 1130 flos
2112 1056 2210 1131 vobis

694 1176 855 1274 praebet,
880 1178 942 1251 sed
965 1201 1010 1250 ne
1029 1175 1301 1268 obliviscamini,
1336 1205 1442 1280 quam
1461 1179 1508 1253 ob
1534 1201 1675 1252 causam
1700 1177 1770 1250 huo
1796 1173 1966 1250 veneritis.
2017 1175 2208 1264 Nitamini,

684 1302 737 1369 -ut
767 1318 810 1370 ne
843 1295 981 1371 fallatur
1012 1320 1112 1394 spes,
1148 1320 1256 1396 quom
1285 1323 1349 1372 nos
1384 1304 1419 1373 ot
1446 1297 1550 1372 multi
1575 1301 1751 1396 praeterea
1777 1294 1822 1368 da
1851 1294 1950 1368 vobis
1976 1297 2208 1394 concepimus.

697 1415 869 1490 Laborem
892 1416 979 1490 mihi
1000 1416 1129 1524 credite
1152 1417 1326 1506 omnium,
1346 1443 1436 1518 quse
1453 1418 1491 1492 in
1508 1417 1579 1491 vita
1596 1414 1750 1490 humana
1770 1422 1869 1513 grata
1887 1417 1970 1488 tunt
1990 1421 2027 1489 et
2048 1439 2210 1503 amoena,

695 1535 956 1610 condimentum
988 1561 1063 1611 esse
1094 1537 1336 1613 necessarium.
1396 1538 1522 1638 Neque
1549 1535 1691 1610 omnino
1715 1534 1786 1609 vita
1809 1533 1878 1608 lrui
1901 1540 2035 1632 potest,
2061 1533 2124 1633 qui
2150 1532 2209 1607 de-

698 1653 805 1730 sidias
829 1653 1041 1754 inertiaeque
1065 1663 1118 1729 est
1142 1655 1302 1745 deditus,
1330 1681 1443 1756 neque
1473 1656 1583 1731 maior
1611 1653 1753 1729 omnino
1783 1653 1927 1752 cogitari
1952 1659 2067 1753 potest
2089 1652 2209 1752 volup·

696 1780 771 1862 trs,
804 1797 911 1872 quam
943 1780 997 1848 est
1029 1775 1124 1863 eius,
1158 1776 1240 1874 qui,
1274 1776 1394 1851 officiis
1425 1776 1498 1851 suis
1532 1773 1689 1874 religiose
1720 1771 1881 1862 iunctus,
1911 1771 2034 1848 merito
2063 1772 2209 1861 fruitur,

696 1918 736 1968 ao
757 1899 836 1968 tum
859 1893 1021 1983 domum,
1045 1901 1146 1994 grato
1168 1895 1250 1970 otio.

744 2012 976 2088 Memineritis
1011 2013 1141 2111 patriae
1175 2013 1322 2089 salutem
1351 2015 1389 2088 in
1423 2021 1600 2113 posterum
1633 2037 1655 2086 a
1687 2013 1786 2086 vobis
1823 2010 1992 2112 pendere,
2027 2011 2073 2087 ad
2105 2035 2211 2110 quam

696 2132 864 2206 tuendam
896 2139 931 2205 et
964 2132 1160 2230 aagendam
1191 2132 1229 2205 in
1254 2133 1319 2207 hao
1339 2133 1529 2208 Academia
1550 2132 1805 2231 praeparamini
1825 2140 1862 2205 et
1887 2131 1955 2230 ipsi
1981 2155 2042 2205 vos
2066 2156 2208 2230 praepa·

694 2251 787 2326 ratis.
837 2253 963 2348 ltaque
991 2249 1152 2325 nitamini
1174 2249 1291 2324 auimo
1317 2257 1458 2325 strenuo
1479 2257 1516 2325 et
1536 2250 1635 2340 lorti3
1660 2275 1705 2324 no
1727 2251 1778 2325 rei
1802 2249 1987 2325 difficultas
2005 2249 2051 2325 ab
2072 2249 2209 2348 incepto

692 2394 752 2444 vos
776 2370 955 2446 deterreat.

743 2489 980 2588 Pugnandum
1006 2489 1104 2563 vobis
1128 2495 1200 2578 ast,
1226 2489 1290 2564 scd
1314 2495 1394 2588 post
1417 2513 1574 2588 pugnam
1595 2488 1826 2588 pulcherrima
1848 2513 1909 2564 vos
1930 2494 2048 2564 manet
2071 2487 2213 2562 motoria

697 2613 734 2681 et
757 2605 972 2694 nobilissimo
996 2608 1125 2706 palma.
1175 2607 1374 2683 Incumbite
1397 2608 1507 2708 igitur
1533 2609 1572 2682 iu
1604 2607 1824 2708 disciplinas,
1857 2607 2013 2684 excellita
2036 2606 2211 2696 doctriua,

695 2727 842 2815 virtute,
874 2725 975 2802 bonis
1010 2728 1186 2818 moribus,
1217 2735 1260 2803 ut
1285 2735 1321 2804 et
1348 2735 1526 2817 votorum,
1548 2753 1638 2827 quae
1658 2728 1863 2828 concepistis
1886 2727 1973 2826 ipsi,
1997 2727 2090 2803 fiatis
2116 2751 2209 2802 com·

696 2852 817 2944 potes,
843 2852 878 2921 et
901 2847 1032 2945 patriae
1056 2847 1274 2948 prospiciatis
1293 2846 1445 2923 libertati
1467 2856 1504 2922 et
1527 2847 1641 2923 saluti

747 2964 846 3040 Nihil
864 2965 935 3040 iam
955 2973 1133 3066 superest,
1151 2967 1219 3041 nisi
1235 2973 1277 3042 ut
1293 2991 1442 3056 munus,
1460 2967 1636 3068 quoregia
1653 2966 1856 3043 auctoritate
1877 2966 1943 3042 hcc
1960 2991 2052 3043 anno
2069 2966 2211 3041 functus

696 3109 795 3174 sum,
830 3087 1000 3162 maiorum
1032 3110 1132 3162 mora
1166 3087 1348 3186 deponam.
1406 3088 1532 3187 Itaque
1562 3086 1650 3177 tibi,
1679 3086 1751 3164 Vir.
1774 3087 1973 3163 clarissime
1991 3087 2210 3178 vrassanum,

695 3204 795 3280 trado
824 3205 1032 3282 sodomiae
1066 3206 1186 3283 larem.
1237 3207 1337 3283 Solve
1370 3207 1558 3306 Magnifice
1587 3208 1733 3284 Rectorl
1771 3231 1877 3306 quem
1898 3206 2033 3309 primus
2053 3231 2119 3306 ego
2144 3207 2209 3283 hoc

695 3323 834 3399 nomino
858 3325 1033 3425 compello.
1084 3325 1221 3404 Floreat
1245 3333 1282 3402 te
1307 3326 1396 3402 duca
1419 3327 1511 3404 olma
1534 3325 1658 3404 haecce
1681 3327 1867 3403 Musarum
1891 3326 2001 3403 sedes.
