4892 6184
713 677 757 742 ac
1248 642 1282 740 s'.
1322 674 1363 741 o.
1404 673 1697 742 snrnonn

716 907 829 985 quens
862 881 1008 958 remedii
1037 883 1107 958 ianr
1134 881 1232 957 fleret
1254 906 1360 972 usus,
1385 883 1446 958 sed
1472 881 1678 984 prudentius
1705 904 1746 954 eo
1767 876 1823 952 uti
1846 874 2059 953 censendum
2079 885 2134 952 est
2157 877 2230 955 clri-

715 1028 839 1104 rurgos
873 1002 1083 1103 experientia
1122 1000 1231 1076 fuisse
1278 1001 1428 1080 edoctos.
1477 1006 1603 1102 Neque
1646 995 1969 1101 praetervidendum
2001 1004 2055 1072 est
2086 1023 2156 1074 non
2192 1001 2230 1075 in

715 1125 878 1202 omnibus
900 1121 1054 1210 casibus,
1079 1120 1208 1220 quibus
1233 1145 1328 1196 mors
1346 1122 1593 1199 inhalationem
1606 1129 1660 1196 est
1677 1125 1813 1208 emula,
1831 1117 1977 1193 eandem
1990 1118 2111 1194 mortis
2122 1118 2232 1194 imese

715 1267 853 1320 causam
863 1275 873 1331 3
900 1241 1007 1316 nimia
1023 1241 1202 1341 sanguinis
1225 1241 1358 1318 iactura
1379 1243 1449 1318 vita
1466 1250 1582 1343 potest
1602 1241 1640 1316 in
1661 1240 1847 1315 discrimen
1867 1238 1980 1314 vocari
2000 1262 2114 1337 neque
2134 1239 2231 1315 ullus

713 1373 767 1438 est
803 1363 1043 1462 chirurgorum
1073 1361 1160 1438 adeo
1190 1361 1342 1461 peritus,
1369 1360 1521 1462 prudens
1550 1368 1587 1437 et
1605 1369 1746 1449 cautus,
1770 1360 1857 1458 quin
1878 1359 1984 1434 mmet
2011 1358 2180 1434 iterumve
2209 1386 2232 1435 a

713 1491 806 1560 recte
829 1482 884 1558 vis
908 1481 1042 1558 aberret
1062 1491 1099 1558 et
1121 1481 1244 1557 vitium
1269 1482 1484 1572 committat,
1510 1481 1607 1582 quod
1631 1481 1738 1557 semel
1760 1479 1983 1556 commissum
2008 1479 2133 1580 corrigi
2161 1505 2230 1555 non

712 1611 836 1704 potest.
886 1605 1012 1702 Itaque
1037 1601 1227 1678 dolendum
1259 1611 1367 1692 essct,
1401 1605 1432 1678 si
1454 1612 1528 1679 tarn
1552 1602 1765 1703 praeclarum
1787 1599 1980 1676 remedium
2007 1599 2230 1676 tremebundi

714 1747 957 1824 reponeremus
989 1732 1025 1798 ct
1059 1724 1314 1823 despiceramus
1338 1765 1388 1782 -
1418 1747 1532 1822 neque
1554 1745 1722 1821 umquam
1752 1720 1855 1795 abiioi
1876 1726 1939 1794 aut
1967 1719 2083 1818 sperni
2105 1721 2233 1820 poterit

713 1845 907 1932 medicina,
933 1844 1032 1918 cuius
1055 1844 1194 1944 egregia
1216 1845 1268 1918 vis
1293 1852 1399 1943 atque
1421 1843 1553 1919 utiliter
1572 1841 1761 1917 sexcenties
1782 1839 1922 1915 casibus
1942 1837 1993 1914 ita
2011 1847 2066 1914 est
2086 1840 2230 1939 probata

713 1973 750 2038 et
774 1964 1025 2052 demonstrata,
1051 1971 1091 2038 ut
1114 1987 1192 2038 eam
1217 1964 1393 2064 negligere
1418 1987 1574 2038 summes
1596 1961 1685 2036 foret
1709 1959 1914 2036 dementiae.

761 2083 854 2160 Fieri
865 2092 998 2184 potest,
1014 2091 1056 2159 ut
1068 2107 1176 2158 novae
1191 2082 1343 2160 existant
1357 2084 1578 2182 diversaeque
1593 2081 1774 2156 doctorum
1790 2080 1835 2155 de
1849 2068 2059 2155 inhalatione
2071 2080 2230 2156 aetherea

714 2205 923 2292 sentcntise3
954 2203 1163 2278 inhalatione
1185 2203 1265 2303 ipsa
1286 2206 1338 2278 uti
1361 2212 1526 2306 pergent,
1551 2202 1721 2302 quamdiu
1746 2201 1941 2275 laborantes
1966 2201 2136 2276 instanter
2157 2225 2229 2276 rne-

713 2323 830 2398 dicum
860 2322 1033 2421 rogabunt
1061 2322 1255 2398 remedium
1287 2323 1511 2423 propellendo
1543 2322 1655 2408 malo,
1686 2343 1756 2419 quo
1787 2329 1933 2395 mortem
1962 2320 2075 2420 ipsam
2102 2327 2230 2418 putant

711 2467 785 2518 esse
811 2442 983 2518 mitiorem
1007 2449 1044 2517 et
1067 2443 1180 2540 magis
1203 2443 1429 2518 tolerabilem.

760 2563 832 2638 Sed
854 2563 926 2637 ruit
946 2561 1030 2637 hora
1051 2569 1087 2636 et
1109 2563 1216 2636 finem
1235 2563 1347 2638 tacere
1367 2561 1467 2639 iubet
1492 2561 1657 2653 orationi,
1687 2561 1767 2636 licet
1790 2559 1966 2635 uberrima
1985 2560 2134 2658 supersit
2156 2559 2227 2634 dis·

714 2683 850 2760 serendi
871 2682 1042 2758 materies.
1092 2684 1194 2761 Quae
1215 2683 1286 2759 ianr
1301 2682 1605 2783 praetermittenda
1622 2689 1704 2756 sunt
1721 2680 1879 2769 silentio,
1896 2681 2094 2781 praesertim
2114 2705 2228 2778 quum

714 2801 854 2877 dicendi
878 2801 997 2891 venia,
1030 2825 1134 2900 quam
1164 2801 1251 2876 mihi
1273 2802 1436 2891 dedistis,
1465 2792 1568 2878 'abuti
1588 2825 1658 2876 non
1683 2802 1794 2876 liceat
1844 2802 1971 2900 Neque
1987 2801 2073 2876 mihi
2092 2809 2166 2876 erat
2186 2802 2226 2874 in

712 2921 896 3022 propositis
924 2922 1041 2999 omnia
1073 2923 1237 3021 deinceps
1268 2923 1502 2998 enumerando
1528 2945 1723 3012 recensere,
1757 2947 1998 3022 quaecumque
2033 2947 2089 2998 ars
2120 2945 2233 2997 manu

713 3043 857 3119 curandi
881 3044 1009 3143 ceperit
1029 3043 1261 3132 inerementa3
1284 3042 1346 3142 qui
1365 3044 1431 3118 hoc
1454 3067 1564 3118 unum
1587 3042 1704 3117 animo
1730 3042 2014 3131 informaveram,
2041 3050 2080 3117 ut
2104 3042 2229 3141 princi·

714 3164 852 3264 palibus
883 3162 1126 3239 demonstratis
1158 3163 1258 3239 novis
1279 3164 1436 3253 auxiliis,
1466 3189 1537 3264 quo
1556 3171 1693 3239 nostrae
1717 3163 1840 3239 aetatis
1864 3164 2037 3265 chirurgia
2060 3164 2232 3263 seipsam

714 3283 912 3374 donaverit,
938 3283 1013 3359 cius
1035 3282 1279 3359 adumbrarem
1305 3284 1491 3385 imaginem
1513 3293 1549 3360 et
1572 3285 1725 3360 indolem
1746 3285 1974 3361 ostenderem.

766 3405 890 3479 Restat
913 3429 983 3480 una
1005 3405 1161 3504 quaestio
1185 3429 1296 3502 caque
1314 3429 1334 3479 e
1356 3404 1584 3504 germanus,
1607 3427 1721 3503 neque
1745 3404 1898 3480 detrecto
1921 3407 1968 3480 ad
1989 3429 2068 3481 eam
2089 3429 2229 3504 respon:

712 3523 804 3598 dere.
854 3525 913 3598 An
947 3522 1053 3598 etiam
1083 3528 1201 3597 nostra
1226 3521 1338 3622 patria
1367 3523 1490 3598 borum
1524 3523 1717 3622 chirurgiae
1742 3548 1988 3623 progressuum
2009 3532 2143 3625 partem
2167 3525 2229 3600 ali·

711 3667 818 3741 quam
850 3641 926 3716 iure
954 3641 1024 3717 sibi
1052 3642 1204 3718 vindicat
1233 3642 1341 3740 inque
1374 3667 1416 3718 ea
1443 3642 1649 3742 praestitum
1672 3649 1726 3716 est
1751 3643 1904 3742 aliquid,
1931 3645 2026 3744 quod
2048 3646 2095 3721 ad
2120 3653 2230 3720 artem

712 3761 973 3859 doctrinamque
994 3761 1225 3861 chirurgicum
1249 3762 1474 3838 excolendam
1496 3769 1532 3836 et
1554 3762 1823 3862 promovendam
1846 3762 1958 3839 t'acere
1981 3766 2119 3864 possit?
2169 3767 2231 3840 ln·

711 3879 845 3954 iustum
878 3879 965 3954 terre
989 3878 1157 3956 iudicium
1187 3888 1225 3954 et
1247 3880 1435 3956 demerita
1456 3882 1695 3981 chirurgorum
1716 3882 1807 3957 inter
1829 3890 2000 3960 nostrates
2023 3885 2227 3985 degentium

712 3998 816 4074 laude
849 3997 1027 4073 detrahere
1060 3998 1147 4074 mihi
1177 3999 1332 4089 udan,
1364 4000 1433 4074 nisi
1459 4001 1681 4076 concederem
1702 4026 1822 4077 eorum
1849 4026 1990 4104 quoque
2012 4028 2095 4080 cure
2119 4012 2155 4079 et
2175 4003 2229 4078 in-

715 4118 848 4193 dustria
878 4117 1094 4216 aliquantum
1122 4126 1233 4195 artem
1255 4128 1446 4219 promotam
1471 4121 1589 4198 luisse.
1638 4121 1764 4222 Neque
1784 4123 1911 4199 desunt
1932 4147 2047 4200 rerum
2072 4125 2229 4200 mstimo

714 4239 792 4315 nial
827 4238 962 4338 legite,
991 4263 1139 4337 quaeso,
1166 4240 1441 4331 observationes,
1468 4267 1555 4341 quas
1576 4242 1694 4318 diariis
1714 4243 1856 4320 medicis
1880 4246 2007 4322 nostris
2028 4245 2229 4320 inserendas

714 4365 940 4448 curaverunt,
973 4359 1177 4459 perlustrato
1210 4362 1392 4438 relationes
1419 4363 1579 4452 clinicos,
1609 4363 1748 4438 recolite
1769 4365 1886 4440 animo
1914 4366 2159 4465 quodcumque
2183 4363 2229 4438 de

716 4479 889 4577 chirurgia
912 4480 949 4554 in
978 4480 1090 4580 patria
1112 4487 1231 4558 nostra
1249 4483 1382 4584 publici
1403 4483 1489 4558 iuris
1511 4490 1565 4558 est
1585 4482 1736 4571 factum,
1760 4508 1874 4584 neque
1893 4492 2114 4573 cunctanter,
2138 4482 2229 4571 suo,

715 4622 829 4675 meam
847 4601 1101 4698 amplectemini
1116 4604 1343 4695 sententiam,
1364 4605 1566 4681 affirmantis
1588 4603 1767 4704 chirurgos
1787 4605 2035 4680 Neerlandioos
2053 4603 2229 4678 doctrmae

715 4744 738 4792 a
766 4718 954 4795 maioribus
982 4721 1128 4798 traditm
1155 4747 1272 4822 neque
1293 4730 1464 4824 spretores
1484 4747 1559 4798 esse
1580 4747 1694 4822 neque
1717 4725 1807 4801 male
1832 4733 1992 4815 tenaces,
2017 4749 2129 4825 quum
2152 4749 2227 4799 orn·

714 4839 834 4931 uium,
863 4865 1103 4940 quaecumque
1120 4843 1158 4918 in
1181 4851 1257 4921 arte
1278 4851 1396 4922 nostra
1422 4850 1546 4920 novata
1567 4852 1669 4935 sunt,
1692 4843 1833 4923 inventa
1855 4855 1892 4923 et
1913 4845 2118 4936 emendata,
2140 4844 2228 4939 nihil
