4892 6184
490 1494 724 1556 ACADEMIAE
735 1491 1156 1555 annno-mamertum
1168 1489 1415 1552 CURATORESI
1430 1493 1515 1554 VIBI
1524 1491 1769 1556 aurusslnffl

527 1597 680 1658 QUIQUII
702 1597 770 1656 ms
790 1597 843 1656 AB
865 1598 979 1658 AO'IIS
998 1598 1061 1668 RS,
1092 1595 1161 1656 VIB
1180 1593 1508 1654 consumserunt

485 1741 708 1802 Maumrlcu
728 1741 964 1802 acauuMIau
984 1740 1155 1801 Rucuolu

482 1885 557 1947 QUI
576 1887 623 1946 IN
642 1886 859 1948 PROVINCIA
875 1887 928 1947 u'r
944 1887 1049 1946 URBE
1068 1885 1465 1948 uacuo-uunuouluu
1483 1887 1761 1949 AUCTORI'IAIII

522 1988 631 2049 usus
652 1989 877 2063 CONSPICUL
896 1989 982 2051 VIBI
1000 1988 1309 2050 sruoraulssrrssr

483 2133 720 2195 uuauuuvls
749 2133 907 2195 ramum
943 2135 996 2194 ΕΤ
1033 2132 1328 2194 Doorumunuu
1359 2133 1641 2196 PROFESSOBNSI
1677 2138 1763 2198 VIBI

522 2235 762 2297 ouamssrasst
782 2234 1050 2308 -LuouoauS,
1060 2234 1285 2306 DOCTORES,
1298 2234 1490 2297 MAGISTRI
1500 2239 1507 2294 Ι
1517 2237 1764 2310 VIRIDOOTIS·

524 2337 626 2411 stur,
646 2337 935 2398 ERUDITISSIMI!

481 2483 741 2545 LII'IERARUM
771 2483 986 2545 BAORARUM
1015 2483 1301 2545 INTERPRIITIISI
1331 2483 1378 2542 IN
1398 2483 1572 2547 QUORUM
1592 2485 1763 2551 NUMuno

520 2585 732 2646 NONNULLI
761 2585 966 2648 QUONDAM
996 2585 1231 2646 Acuuuuuau
1260 2584 1435 2645 SODALES
1455 2587 1534 2647 VEL
1555 2587 1763 2652 CONLEGAE

519 2687 616 2748 MIHI
635 2689 787 2749 FUISTIS
810 2687 1155 2750 CONIUNCTISSIMII
1176 2687 1263 2748 VIRI
1281 2685 1496 2748 PLURIMUM
1513 2689 1763 2754 quuRarrnrr

480 2832 553 2894 our
580 2833 662 2894 trac
689 2835 737 2895 ru
756 2827 965 2896 acaunum
985 2833 1106 2894 nouus
1128 2831 1294 2892 narrans
1315 2830 1478 2892 ornuuu
1498 2819 1687 2912 Numana,
1708 2840 1764 2902 1u-

521 2935 650 2996 vnuns
670 2936 1041 3000 rumsraumssmn
1063 2934 1369 2997 oouururrouus
1389 2936 1632 3000 suuvrssrmr

478 3077 555 3140 VOS
592 3079 775 3144 DIINIQUE
810 3079 962 3154 OMNES,
1001 3074 1223 3142 Quomuou
1260 3081 1424 3144 nunsula
1431 3127 1440 3157 ,
1479 3083 1591 3146 crvus
1626 3078 1761 3150 trouu

519 3183 722 3257 Hosrlrua
751 3185 827 3246 SUO
844 3183 1010 3270 'amous
1030 3183 1136 3246 LOCO
1156 3184 1401 3247 HONOBANDI
1412 3233 1419 3260 ,
1451 3187 1675 3250 nuulrouus
1695 3192 1763 3252 EX·

519 3287 786 3350 orranrssmrr

336 3617 489 3747 Siquis
521 3656 694 3737 vestrum,
728 3649 915 3724 Auditores
945 3645 1218 3722 Humanissimit
1252 3646 1321 3721 iam
1350 3653 1430 3721 ante
1460 3647 1657 3746 suspicatus
1685 3655 1758 3738 est,

237 3793 316 3856 me,
337 3791 446 3866 quum
468 3769 557 3844 hauc
577 3769 775 3844 cathedram
795 3767 1061 3856 adscenderem,
1081 3765 1301 3866 gravissimae
1314 3767 1422 3841 veluti
1434 3766 1534 3842 molis
1547 3765 1649 3841 onere
1663 3792 1758 3866 pres·

239 3911 336 3975 sum,
361 3887 460 3962 valde
481 3896 694 3963 commotum
717 3913 757 3963 ac
778 3886 1021 3988 perturbatum
1043 3886 1131 3976 fore,
1164 3886 1258 3960 huno
1282 3911 1360 3961 vera
1386 3894 1597 3986 auguratum
1621 3912 1696 3963 esse
1715 3897 1759 3972 ,et

238 4014 392 4081 mentem
416 4007 642 4106 animumque
663 4032 802 4096 meum,
826 4008 891 4083 hac
913 4007 990 4106 ipsa
1015 4007 1117 4093 hora,
1143 4006 1231 4080 bene
1255 4005 1468 4105 perspicere,
1494 4006 1654 4083 lubenter
1676 4033 1758 4084 con-

238 4125 323 4200 cedo
352 4151 393 4200 ao
422 4127 594 4225 profiteor.
642 4129 718 4203 Neo
745 4151 827 4203 sane
849 4127 965 4216 video,
992 4151 1054 4202 cur
1078 4125 1166 4200 hauc
1190 4125 1298 4200 animi
1323 4127 1590 4202 commotionem
1615 4136 1651 4202 et
1679 4154 1757 4228 per·

237 4245 472 4320 turbationem
495 4247 604 4321 celare
629 4248 683 4322 vel
707 4247 923 4324 dissimulare
946 4247 1074 4322 frustra
1099 4247 1279 4336 studeam,
1305 4271 1409 4345 quam
1428 4248 1498 4322 mei
1518 4248 1618 4322 inviti
1640 4249 1757 4322 vultus

237 4373 273 4437 et
293 4388 359 4439 vox
377 4366 509 4464 agitata
531 4367 714 4465 cuiquam,
738 4367 856 4442 oculos
879 4375 984 4466 atque
1014 4391 1115 4441 aures
1134 4367 1172 4440 in
1196 4390 1255 4440 me
1277 4367 1507 4454 convertenti,
1533 4367 1616 4441 satis
1639 4392 1756 4467 super·

237 4509 306 4581 que
331 4485 543 4582 proderent..
577 4487 614 4561 Si
633 4489 726 4562 enim
743 4489 798 4563 vel
817 4487 883 4562 loci
903 4488 956 4562 vel
974 4488 1144 4575 muneris,
1167 4486 1262 4584 quod
1282 4487 1531 4586 capessondum
1552 4495 1621 4574 est,
1642 4487 1756 4586 digui-

236 4613 290 4678 tas
317 4605 456 4680 Oratori
487 4607 619 4706 aliquid
648 4609 780 4683 timoris
805 4608 942 4683 iniicere
969 4615 1103 4706 potest,
1143 4607 1449 4695 Rheno-Traiecti,
1481 4606 1517 4680 iu
1545 4607 1756 4707 amplissima

236 4723 406 4798 bonarum
443 4726 571 4801 artium
608 4727 705 4816 aede,
743 4728 1020 4803 doctissimorum
1053 4728 1203 4802 virorum
1234 4727 1469 4826 iuvenumque
1491 4728 1756 4804 lectissimorum

237 4865 361 4920 corona
390 4844 539 4944 stipatus
563 4889 612 4906 ·-
635 4873 764 4947 magua
793 4848 934 4947 iusuper
954 4848 1135 4924 hominum
1152 4847 1303 4922 cuiusvis
1322 4847 1452 4924 ordinis
1472 4831 1584 4925 etloci
1597 4849 1756 4926 adstante
