4892 6184
645 669 711 736 140
1220 668 1591 736 tumulas

644 877 761 978 ipsum
801 877 1086 960 fundamentum,
1121 897 1193 970 qao
1216 876 1341 950 nititur
1374 877 1512 976 Religio
1552 871 1771 958 Christiana,
1806 869 1984 944 nonnullis
2006 873 2162 948 vacillare

645 997 814 1072 videatur.
829 1039 879 1058 -
892 993 1076 1094 Euangelii
1090 993 1303 1082 Historiam,
1316 996 1347 1068 si
1358 997 1613 1080 Scasuszrurr,
1627 991 2163 1076 simillumarum

643 1119 830 1192 Bscsuurs
856 1114 999 1201 audias,
1023 1113 1078 1186 vel
1101 1137 1274 1210 nugarum
1297 1120 1334 1186 ct
1355 1113 1552 1188 fabularum
1574 1137 1650 1186 esse
1673 1111 1833 1209 plenam
1858 1111 1990 1209 quibus
2015 1137 2062 1184 ne
2086 1137 2163 1185 mu·

641 1235 801 1308 lierculse
833 1243 870 1308 et
902 1233 1041 1332 pueruli
1066 1231 1211 1330 quidem
1234 1232 1399 1319 medant,
1425 1233 1479 1305 vel
1502 1232 1625 1306 saltem
1655 1257 1677 1305 a
1702 1231 1897 1305 carceribus
1918 1231 2001 1304 inde
2024 1232 2070 1305 ad
2095 1233 2164 1306 cal·

640 1378 718 1426 cem
744 1352 875 1450 mythis
899 1376 975 1426 esse
1001 1350 1270 1437 accensendam,
1301 1351 1380 1448 quis
1398 1351 1535 1424 nescit?
1570 1353 1666 1440 Quos
1689 1351 1719 1422 si
1742 1350 1832 1424 forte
1856 1375 1898 1424 eo
1919 1351 2039 1424 minus
2057 1352 2162 1424 reior-

641 1471 824 1546 midandos
846 1495 923 1546 esse
944 1453 1142 1556 existimes}
1166 1494 1238 1567 quo
1261 1471 1388 1544 maiore
1410 1470 1631 1570 protervitate
1650 1479 1756 1568 atque
1770 1470 1916 1544 auduus
1928 1470 1967 1544 in
1981 1471 2165 1568 Euangelii

641 1591 820 1666 veritatem
852 1599 889 1664 et
920 1590 1030 1664 fidem
1057 1589 1270 1663 Historicam
1304 1589 1374 1662 sint
1407 1591 1575 1688 grassati:
1612 1615 1690 1664 ecoe
1725 1589 1804 1676 alii,
1846 1590 1942 1664 baud
1980 1591 2163 1687 spernmdi

640 1711 829 1809 Theologi,
859 1736 879 1784 c
914 1709 1132 1808 'l'ubingensi
1163 1708 1280 1782 schola
1311 1709 1456 1809 proiecti
1476 1709 1515 1783 in
1537 1709 1647 1784 aciem
1670 1709 1961 1807 progrediuntur,
1986 1709 2050 1807 qui
2070 1711 2162 1807 Apo-

641 1830 815 1916 rafiam,
851 1853 941 1926 quae
963 1825 1109 1914 dicitur,
1134 1833 1284 1902 aetatem
1310 1829 1383 1902 suis
1406 1829 1512 1902 armis
1536 1829 1691 1926 aggressi
1717 1829 1787 1902 iam
1809 1828 2004 1902 Historiam
2024 1854 2163 1928 quoque

641 1931 917 2024 Ecclesiasticam
942 1947 987 2022 ab
1010 1947 1086 2020 eiua
1111 1947 1309 2045 primordiis
1335 1947 1452 2022 denuo
1474 1948 1742 2023 construendam
1767 1957 1873 2046 atque
1897 1949 1945 2022 sd
1967 1949 2070 2024 adam
2090 1959 2162 2024 trn·

641 2069 752 2143 tiuam
774 2067 1041 2143 examinandam
1064 2091 1140 2140 esse
1166 2067 1326 2140 clamant.
1378 2070 1425 2140 Et
1447 2091 1649 2166 quanquam
1672 2069 1892 2166 Religionem
1910 2069 2163 2158 Christianam,

640 2211 730 2284 quae
760 2187 806 2260 ab
836 2184 1065 2260 acerbissimis
1098 2183 1259 2256 hostibus
1287 2185 1398 2282 petito
1433 2210 1453 2258 e
1486 2193 1538 2258 tot
1569 2185 1698 2284 pugnis
1728 2195 1763 2259 et
1790 2188 1927 2286 praeliis
1950 2189 2070 2263 victrix
2093 2189 2161 2262 dis·

639 2306 763 2390 cessit,
798 2305 836 2376 in
871 2303 936 2376 hoc
965 2325 1104 2400 quoque
1129 2303 1339 2389 certamine,
1365 2302 1505 2377 Christo
1529 2303 1731 2378 moderante
1758 2307 1878 2405 Bega,
1904 2309 2035 2384 salvam
2058 2318 2163 2407 atque

639 2423 849 2498 incolumem
882 2421 954 2495 lore
991 2445 1054 2520 pro
1085 2429 1180 2494 certo
1201 2421 1315 2496 habeo
1342 2430 1378 2496 et
1402 2421 1556 2496 confido:
1591 2424 1628 2496 in
1653 2448 1694 2497 eo
1718 2433 1858 2515 tamen,
1883 2427 2020 2527 siquid
2044 2430 2163 2514 video,

640 2565 762 2616 omnes
781 2540 997 2616 consentient
1019 2540 1278 2639 prudentiores,
1303 2541 1496 2616 coniunctis
1515 2541 1645 2615 viribus
1666 2553 1772 2640 atque
1792 2547 1897 2619 armis
1917 2547 2030 2644 ipsam
2046 2550 2164 2622 Euan·

641 2661 724 2762 gelii
757 2684 871 2736 arcem
896 2685 972 2735 esse
998 2660 1264 2736 defendendam.
1313 2663 1364 2736 At
1391 2661 1504 2735 videte
1528 2660 1709 2737 hominum
1734 2663 1944 2739 dementiam
1970 2668 2025 2741 vel
2051 2693 2165 2742 sonore

512 2847 518 2860 .
641 2788 756 2862 diaml
792 2787 887 2864 Dum
908 2786 963 2860 his
984 2786 1112 2861 nostris
1132 2786 1257 2860 diebus
1277 2787 1492 2862 extrinsecus
1513 2787 1667 2860 hostium
1686 2787 1824 2885 agmina
1845 2786 2031 2886 ingruunt3
2054 2789 2166 2872 dum,

645 2932 665 2982 e
698 2907 889 2981 multorum
925 2907 1118 2994 sententia,
1153 2906 1273 2981 servile
1306 2906 1530 2983 Hiersrchiee
1560 2907 1738 2980 hmanas
1771 2907 1897 3005 iugum
1924 2907 2019 2980 hand
2043 2908 2165 2980 minus

641 3026 938 3100 satiraescendum
960 3027 1121 3126 Europae
1142 3027 1280 3126 populis
1305 3035 1341 3101 et
1365 3027 1521 3102 societati
1546 3025 1761 3100 Christianae
1774 3025 1937 3098 imminet
1953 3068 2005 3084 -
2026 3026 2163 3101 Protes-

640 3153 754 3220 tantes
792 3146 911 3221 veluti
934 3143 1127 3220 Cadmaeoa
1164 3145 1287 3234 tratres
1322 3147 1358 3220 in
1393 3171 1456 3222 sua
1492 3145 1620 3220 viscera
1652 3144 1839 3220 saevientes
1862 3143 2036 3231 videmus,
2067 3170 2107 3220 ac
2132 3147 2163 3242 si

639 3291 780 3364 prorsus
797 3267 1015 3341 immemores
1036 3273 1153 3340 esseut
1170 3265 1264 3340 illius
1284 3266 1369 3341 dicti
1381 3325 1391 3354 ‚
1403 3267 1499 3365 quod
1511 3267 1750 3340 Srsu1susuu
1768 3263 1941 3352 Hostus,
1957 3265 2161 3338 acerrimum

643 3385 866 3462 Hiararchiao
893 3387 1072 3462 &manae
1098 3394 1389 3486 propugnatorem
1415 3386 1608 3486 prodidisse
1637 3385 1785 3484 legimus
1796 3418 1806 3471 ;
1844 3385 2002 3458 nBellum
2029 3385 2159 3456 Haere-

643 3507 791 3582 ticorum
813 3532 882 3606 pax
907 3515 961 3582 est
985 3505 1177 3582 Ecclesiae!
1204 3547 1255 3564 —
1281 3506 1468 3582 Mordeant
1500 3515 1535 3580 et
1561 3505 1746 3580 comedant
1783 3529 1820 3578 se
1854 3505 2024 3592 invicem,
2053 3511 2159 3578 uteo

640 3625 743 3700 citius
761 3652 782 3700 a
803 3651 840 3701 se
862 3626 1010 3702 invicem
1036 3627 1329 3702 consumantur!”
1361 3667 1412 3686 -
1446 3626 1550 3716 Quod
1581 3651 1662 3701 cum
1694 3625 1831 3724 saepius
1855 3649 1993 3698 mecum
2015 3631 2158 3721 reputo,

639 3744 684 3814 A.
718 3745 770 3816 Al
804 3744 1124 3842 Hierosolymorum
1158 3747 1229 3820 fere
1257 3755 1538 3846 oppugnatorum
1572 3756 1608 3820 et
1636 3746 1833 3820 Zelotarum
1856 3745 1952 3818 intus
1973 3745 2063 3818 inter
2085 3767 2159 3817 sese

641 3857 907 3954 digladientium
930 3861 1043 3936 furore
1068 3870 1281 3936 vastatorum
1307 3863 1505 3939 tristissima
1533 3864 1619 3937 mihi
1642 3865 1816 3939 obversari
1843 3864 1929 3938 solet
1950 3864 2076 3962 imago.
2114 3865 2156 3936 In

640 3973 751 4074 patria
783 3984 899 4052 nostra
931 3978 1168 4054 acerbissimas
1199 3980 1278 4054 lites
1311 3983 1542 4080 dogmaticas,
1568 4009 1677 4083 paene
1700 3985 1868 4059 extinctas
1891 3992 1927 4059 et
1952 3985 2155 4071 suffocatas,

592 4109 607 4123 “
640 4096 756 4170 denuo
781 4095 949 4170 exarsisse
974 4095 1091 4171 animo
1114 4094 1281 4172 dolemus.
1331 4099 1378 4173 Et
1402 4100 1550 4200 quisque
1574 4129 1689 4179 veram
1710 4106 1841 4204 patriae
1861 4114 1965 4204 atque
1985 4105 2157 4178 Ecclesiae

640 4216 787 4290 salutem
820 4239 944 4294 curans
975 4213 1194 4290 acerbissimo
1230 4217 1356 4292 doloris
1383 4243 1488 4294 seusu
1517 4247 1586 4297 non
1613 4224 1702 4298 affici
1728 4250 1798 4299 non
1821 4233 1955 4325 potest,
1981 4225 2098 4298 videns
2121 4233 2159 4296 et

639 4333 814 4436 cogitans,
844 4343 1012 4436 tanquam
1038 4358 1163 4410 navem
1189 4335 1400 4417 turbulentis
1426 4339 1463 4413 iu
1490 4343 1614 4430 undis,
1638 4345 1688 4418 ita
1712 4345 1890 4420 discordiis
1915 4352 1951 4418 et
1975 4343 2156 4418 vehemen-

641 4454 785 4530 tissimis
814 4453 1017 4554 opinionum
1050 4455 1087 4528 iu
1120 4457 1289 4531 contraria
1312 4458 1488 4532 ruentium
1510 4459 1674 4538 fluctibus
1698 4477 1897 4561 quassatam
1920 4473 2030 4562 atque
2048 4464 2154 4562 agita-

639 4585 712 4649 tam
743 4573 832 4650 hanc
863 4581 1017 4650 nostram
1048 4575 1248 4651 Ecclesiam.
1311 4578 1387 4652 Iam
1419 4602 1498 4653 vero
1533 4580 1562 4654 si
1597 4583 1784 4679 quaeritur,
1817 4585 1910 4659 unde
1947 4584 2154 4684 aegrotantis

638 4693 810 4768 Ecclesiae
843 4694 976 4770 sanatio
1007 4695 1239 4794 exspectanda
1265 4697 1329 4784 sit,
1364 4697 1417 4772 vel
1441 4723 1611 4796 quaenam
1634 4709 1686 4777 tot
1710 4705 1808 4779 malis
1831 4713 1866 4779 et
1888 4704 2018 4780 morbis
2041 4704 2164 4802 ingre.

639 4811 856 4888 vescentibus
882 4814 1036 4890 remedia
1068 4815 1362 4906 siutafferends,
1397 4818 1524 4898 iterum
1557 4820 1592 4895 in
1628 4822 1779 4900 diversas
1810 4832 1944 4922 partes,
1980 4823 2085 4900 veluti
2113 4819 2154 4896 ¹in
