4892 6184
867 687 1144 758 ORATIO.
1723 691 1765 757 19

298 898 563 973 Smorrvarnnn
590 893 681 972 vitae
708 894 935 974 Academieae
970 896 1140 974 curriculo
1172 894 1323 971 breviter
1349 894 1524 994 exposito,
1557 920 1668 994 quum
1692 922 1764 974 me·

249 1017 415 1093 morando
451 1017 539 1092 mihi
574 1016 643 1090 sint
671 1016 809 1116 egregia
835 1017 909 1094 eiua
933 1041 1016 1118 erga
1041 1017 1216 1117 linguam,
1244 1016 1452 1114 litterasque·
1471 1015 1600 1114 patriae
1622 1016 1765 1106 merita,

251 1161 367 1214 vereor
394 1162 459 1225 ne,
493 1137 594 1237 inops
626 1135 739 1212 lactus
771 1138 1002 1229 abundantia,
1026 1163 1150 1238 parum
1175 1137 1323 1214 idonens
1345 1143 1461 1214 tantae
1484 1136 1621 1217 virtutis
1643 1161 1766 1238 praeco

248 1258 403 1333 existam.
455 1259 500 1332 In
532 1257 636 1333 breve
662 1257 755 1332 enim
788 1259 939 1359 elogium
968 1259 1201 1336 conhabendo
1234 1257 1323 1334 mihi
1352 1266 1435 1334 aunt
1465 1282 1556 1356 qnae
1586 1258 1767 1335 eius‘sunt

248 1377 420 1467 ambitus,
454 1378 530 1452 eius
561 1377 732 1453 momenti
762 1385 798 1451 et
828 1379 1006 1477 gravitatis
1038 1385 1079 1454 ut
1109 1384 1182 1454 tota
1208 1374 1362 1451 oratione
1394 1374 1452 1448 vix
1474 1374 1558 1450 satis
1583 1375 1707 1462 entolli¹
1731 1382 1767 1451 et

246 1498 435 1597 praedicari
467 1505 608 1597 queant.
658 1498 843 1573 Recordati
877 1524 957 1574 vero
992 1499 1030 1571 id
1059 1521 1170 1572 unum
1205 1496 1276 1570 iam
1308 1492 1396 1568 mihi
1427 1493 1504 1592 agi,
1537 1499 1579 1568 ut
1611 1492 1766 1572 defuncti

246 1617 396 1716 collegae
428 1617 629 1690 memoriam
664 1616 768 1690 modo
799 1617 963 1704 solemni,
997 1640 1111 1692 coram
1137 1617 1202 1692 hoo
1223 1611 1576 1713 amplissimocoetn,
1599 1614 1766 1705 recolam,

245 1757 396 1831 eumque
431 1756 487 1805 me
521 1755 596 1806 esse
631 1755 652 1806 a
682 1755 752 1830 quo
786 1733 1050 1810 Srnunnannun
1083 1735 1259 1810 doctrinae
1292 1742 1329 1808 et
1362 1734 1564 1809 meritorum
1598 1735 1768 1834 expositio

243 1853 384 1928 omnino
413 1851 602 1950 exspectari
630 1857 800 1951 nequeat,
832 1877 975 1928 munere
1003 1879 1081 1929 meo
1112 1862 1203 1930 recte
1233 1878 1372 1930 mecum
1406 1854 1590 1932 censebitis
1610 1879 1669 1930 me
1691 1880 1766 1930 esse

244 1973 425 2060 functum,
449 1970 479 2046 si
499 1970 648 2046 breviter
668 1971 886 2062 indicavero,
908 1974 1038 2073 quibus
1061 1974 1284 2072 potissimum
1304 1974 1438 2054 artibus
1460 1982 1594 2052 tantam
1612 1976 1765 2053 Sinuar-

243 2116 399 2168 nnnnrns
424 2091 519 2191 apud
543 2097 714 2167 nostrates
739 2093 884 2192 gloriam
909 2095 955 2168 sit
978 2100 1113 2170 nactus.
1567 2183 1578 2208 δ

298 2213 430 2288 Ordine
468 2236 548 2286 vero
590 2213 855 2288 Srnennannrn
890 2215 934 2288 de
965 2215 1076 2312 patrio
1107 2239 1264 2288 sermone
1300 2215 1492 2315 litterisque
1527 2217 1766 2294 Neerlandicia

248 2333 373 2408 merita
397 2331 637 2430 praedicaturo
653 2331 710 2404 vix
731 2332 879 2408 dubium
899 2357 974 2408 esse
993 2339 1126 2430 potest,
1147 2333 1233 2430 quin
1248 2333 1293 2408 ab
1306 2333 1350 2407 iis
1363 2335 1451 2410 mihi
1471 2335 1516 2409 sit
1530 2335 1768 2433 incipiendum
1787 2319 1795 2338 ⁸

195 2489 199 2499 ·
243 2453 307 2526 viri
337 2450 517 2526 clarissimi
552 2450 694 2537 studiis,
725 2450 854 2547 quibua
885 2452 1034 2548 pessime
1067 2451 1221 2526 habitam
1250 2453 1451 2530 vernaculae
1477 2453 1618 2551 linguae
1648 2455 1763 2531 ortho-

243 2569 423 2669 graphium
453 2567 619 2656 correxit,
656 2567 742 2666 quin
775 2569 926 2645 delatam
949 2569 1111 2657 omnino,
1137 2576 1172 2644 et
1197 2569 1349 2646 cuiusvis
1384 2569 1525 2648 arbitrio
1562 2580 1598 2646 at
1626 2573 1764 2650 libidini

242 2689 446 2790 permissam
467 2687 672 2763 instauravit
692 2695 798 2787 atque
817 2688 920 2764 certis
942 2689 1072 2764 normis
1095 2687 1262 2765 cohibuit.
1313 2689 1457 2767 Nemini
1479 2697 1637 2770 vestrum
1655 2692 1764 2791 probe

241 2808 415 2897 nescitur,
456 2815 668 2908 quantopere
712 2810 839 2884 saeculi
878 2809 1062 2910 superioria
1103 2811 1191 2900 fine,
1232 2808 1458 2888 scribentium
1498 2811 1694 2910 ignorantie
1727 2821 1763 2890 et

244 2929 423 3018 fatuitate,
448 2929 615 3006 sermonis
639 2929 743 3028 patrii
762 2930 1010 3030 orthographia
1031 2930 1137 3006 fuerit
1158 2931 1383 3030 pessumdata
1403 2939 1439 3010 et
1461 2932 1652 3031 inquinata.
1680 2933 1765 3011 ‚Nil

175 3093 179 3100 ·
241 3050 392 3150 amplius
410 3056 603 3150 supererat,
626 3051 721 3150 qnod
741 3058 920 3151 tamquam
943 3058 1132 3128 certumst
1155 3053 1372 3152 exploratum
1392 3076 1514 3132 omnes
1538 3060 1765 3152 sequerentur

242 3177 346 3268 atque
370 3170 561 3246 verendum
587 3179 681 3261 erat,
707 3193 751 3246 ne
773 3171 818 3248 ad
839 3180 1031 3249 erumnam
1055 3173 1295 3250 deveniremus
1312 3173 1528 3263 barbariem,
1551 3174 1620 3251 nisi
1636 3173 1762 3252 existe

243 3297 295 3366 ret
330 3291 391 3390 qni
423 3291 460 3366 in
494 3298 592 3367 tenta
631 3291 832 3369 confusione
865 3294 1127 3394 orthographiae
1164 3293 1366 3373 vernaculae
1397 3294 1535 3393 regulas
1565 3294 1763 3394 disponeret

242 3419 277 3486 et
298 3412 400 3488 certis
426 3412 563 3512 legibus
586 3413 836 3514 adstringeret3
862 3415 958 3514 quod
981 3439 1112 3490 munus
1133 3437 1301 3514 perquam
1323 3412 1460 3490 difficile
1472 3421 1508 3489 et
1518 3415 1594 3490 eius
1604 3415 1762 3514 generis,

242 3542 283 3608 nt
305 3535 410 3608 multi
431 3534 476 3609 de
500 3558 664 3635 prospero
686 3535 736 3610 rei
756 3544 884 3611 eventu
904 3535 975 3612 iam
990 3535 1106 3611 statim
1122 3535 1651 3635 desperarent,Sraonnnnsaro
1666 3534 1760 3609 obla·

243 3663 330 3731 tum.
381 3657 425 3730 In
459 3681 500 3732 ea
531 3681 568 3731 re
591 3658 731 3756 qualem
756 3681 793 3732 se
815 3656 1041 3756 praestiterit,
1066 3663 1278 3753 quantopere
1306 3652 1621 3750 splendidissimam
1645 3641 1781 3751 repor?

241 3774 364 3848 raverit
388 3775 545 3852 vitoriam
568 3784 606 3852 et
627 3778 671 3852 de
695 3776 914 3863 difficillimo,
942 3799 1093 3873 quocum
1118 3771 1381 3848 conflictabatur
1398 3779 1625 3868 argumento,
1651 3780 1687 3846 et
1714 3774 1759 3850 de

242 3894 303 3983 iis,
338 3895 401 3993 qui
431 3919 506 3970 rem
535 3897 677 3971 omnino
706 3897 782 3970 fieri
811 3919 882 3969 non
914 3919 1015 3993 posse
1039 3894 1287 3978 clamaverant,
1326 3891 1459 3967 nemini
1481 3899 1640 3971 nostrum
1660 3893 1759 3992 iguo·

241 4021 348 4090 ratur.
414 4013 484 4088 Vix
522 4039 622 4092 suam
663 4015 707 4089 de
745 4013 988 4114 orthographia
1028 4012 1257 4091 Neerlandica
1295 4011 1467 4090 dietriben
1506 4011 1639 4111 publici
1674 4013 1760 4092 iuris

240 4133 388 4222 lecerat,
424 4157 535 4233 quum
561 4134 598 4208 in
626 4135 783 4214 licentiae
805 4135 920 4210 locum
947 4136 1061 4235 leges,
1086 4140 1247 4210 accurato
1269 4132 1399 4208 indicio
1422 4132 1604 4222 delinitae,
1629 4134 1757 4214 subah-

242 4261 423 4329 tuerentur
452 4262 490 4329 ct
519 4255 674 4332 confusio
706 4255 820 4332 lucido
844 4256 981 4332 cederet
1002 4255 1125 4332 ordini.
1175 4253 1287 4329 (luins
1319 4253 1432 4353 operis
1462 4253 1692 4353 praestantiae
1719 4253 1758 4331 id

241 4372 557 4450 luculentissimum
590 4382 642 4452 est
678 4377 935 4465 testimonium,
971 4375 1085 4476 quod,
1120 4400 1210 4476 quae
1244 4374 1303 4448 ille
1334 4373 1460 4450 iecerat
1493 4373 1756 4472 orthographiae

240 4489 488 4580 fundamenta,
527 4492 652 4572 iisdem
692 4495 863 4596 hodieque
899 4495 1143 4596 grammaticae
1183 4492 1431 4570 Neerlandioae
1463 4492 1666 4572 aedilicium
1703 4502 1757 4572 est

244 4618 531 4711 superstructum.
585 4615 697 4690 Fuere
731 4616 873 4715 quidem
906 4615 968 4715 qni
993 4623 1144 4692 evertere
1167 4614 1381 4692 conabantur
1404 4613 1500 4713 quod
1524 4613 1653 4694 sollerti
1673 4639 1758 4695 cura

242 4731 299 4806 ille
329 4731 549 4823 condideret;
586 4736 648 4810 sad
681 4737 776 4835 quod
806 4737 943 4837 propria
973 4761 1035 4812 aua
1065 4735 1168 4813 laude
1199 4735 1526 4824 commendabatur,
1567 4734 1605 4810 id
1631 4735 1757 4836 corrigi

242 4851 385 4949 quidem
418 4851 533 4951 potuit
566 4853 602 4930 in
639 4855 805 4956 singulis,
839 4858 959 4958 augeri
993 4865 1029 4933 et
1060 4856 1233 4958 suppleri,
1264 4864 1302 4933 et
1336 4857 1532 4941 nniversam
1561 4855 1593 4932 si
1614 4865 1756 4958 'spectes

1465 4977 1516 5049 31
