<?xml version="1.0" encoding="UTF-8"?>
<!DOCTYPE html PUBLIC "-//W3C//DTD XHTML 1.0 Transitional//EN"
    "http://www.w3.org/TR/xhtml1/DTD/xhtml1-transitional.dtd">
<html xmlns="http://www.w3.org/1999/xhtml" xml:lang="en" lang="en">
 <head>
  <title>
</title>
<meta http-equiv="Content-Type" content="text/html;charset=utf-8" />
  <meta name='ocr-system' content='tesseract 3.04.00' />
  <meta name='ocr-capabilities' content='ocr_page ocr_carea ocr_par ocr_line ocrx_word'/>
</head>
<body>
  <div class='ocr_page' id='page_1' title='image "annalesacademic05unkngoog_0292.png"; bbox 0 0 4892 6184; ppageno 0'>
   <div class='ocr_carea' id='block_1_1' title="bbox 703 622 1622 705">
    <p class='ocr_par' dir='ltr' id='par_1_1' title="bbox 703 622 1622 705">
     <span class='ocr_line' id='line_1_1' title="bbox 703 622 1622 705; baseline -0.007 -8"><span class='ocrx_word' id='word_1_1' title='bbox 703 628 769 699; x_wconf 74' lang='lat'>282</span> <span class='ocrx_word' id='word_1_2' title='bbox 1300 626 1336 695; x_wconf 80' lang='lat' dir='ltr'>B.</span> <span class='ocrx_word' id='word_1_3' title='bbox 1370 624 1399 695; x_wconf 87' lang='lat' dir='ltr'>J.</span> <span class='ocrx_word' id='word_1_4' title='bbox 1433 622 1622 705; x_wconf 80' lang='lat' dir='ltr'>KlEllL,</span> 
     </span>
    </p>
   </div>
   <div class='ocr_carea' id='block_1_2' title="bbox 698 831 2212 1293">
    <p class='ocr_par' dir='ltr' id='par_1_2' title="bbox 698 831 2212 1293">
     <span class='ocr_line' id='line_1_2' title="bbox 701 831 2210 934; baseline -0.001 -21"><span class='ocrx_word' id='word_1_5' title='bbox 701 836 822 913; x_wconf 77' lang='lat' dir='ltr'>sistam</span> <span class='ocrx_word' id='word_1_6' title='bbox 852 834 925 913; x_wconf 82' lang='lat' dir='ltr'>lore</span> <span class='ocrx_word' id='word_1_7' title='bbox 958 857 1029 911; x_wconf 91' lang='lat' dir='ltr'>non</span> <span class='ocrx_word' id='word_1_8' title='bbox 1059 840 1174 933; x_wconf 87' lang='lat' dir='ltr'>potest</span> <span class='ocrx_word' id='word_1_9' title='bbox 1205 831 1252 909; x_wconf 90' lang='lat' dir='ltr'>ab</span> <span class='ocrx_word' id='word_1_10' title='bbox 1288 856 1330 909; x_wconf 89' lang='lat' dir='ltr'>eo</span> <span class='ocrx_word' id='word_1_11' title='bbox 1364 832 1447 909; x_wconf 90' lang='lat' dir='ltr'>indo</span> <span class='ocrx_word' id='word_1_12' title='bbox 1470 839 1647 934; x_wconf 88' lang='lat' dir='ltr'>temporo,</span> <span class='ocrx_word' id='word_1_13' title='bbox 1679 856 1722 909; x_wconf 88' lang='lat' dir='ltr'>ex</span> <span class='ocrx_word' id='word_1_14' title='bbox 1748 854 1820 932; x_wconf 91' lang='lat' dir='ltr'>quo</span> <span class='ocrx_word' id='word_1_15' title='bbox 1845 851 1981 911; x_wconf 87' lang='lat' dir='ltr'>summe</span> <span class='ocrx_word' id='word_1_16' title='bbox 2007 832 2210 933; x_wconf 88' lang='lat' dir='ltr'>cognitionis</span> 
     </span>
     <span class='ocr_line' id='line_1_3' title="bbox 699 950 2209 1053; baseline 0 -22"><span class='ocrx_word' id='word_1_17' title='bbox 699 962 837 1033; x_wconf 86' lang='lat' dir='ltr'>nostrae</span> <span class='ocrx_word' id='word_1_18' title='bbox 868 955 914 1033; x_wconf 85' lang='lat' dir='ltr'>ab</span> <span class='ocrx_word' id='word_1_19' title='bbox 943 952 1068 1030; x_wconf 89' lang='lat' dir='ltr'>eodem</span> <span class='ocrx_word' id='word_1_20' title='bbox 1100 950 1241 1030; x_wconf 88' lang='lat' dir='ltr'>bomine</span> <span class='ocrx_word' id='word_1_21' title='bbox 1275 976 1345 1029; x_wconf 86' lang='lat' dir='ltr'>nno</span> <span class='ocrx_word' id='word_1_22' title='bbox 1368 952 1480 1029; x_wconf 86' lang='lat' dir='ltr'>teneri</span> <span class='ocrx_word' id='word_1_23' title='bbox 1501 951 1666 1053; x_wconf 84' lang='lat' dir='ltr'>nequivit</span> <span class='ocrx_word' id='word_1_24' title='bbox 1716 952 1784 1029; x_wconf 87' lang='lat' dir='ltr'>Isti</span> <span class='ocrx_word' id='word_1_25' title='bbox 1810 952 1904 1029; x_wconf 90' lang='lat' dir='ltr'>enim</span> <span class='ocrx_word' id='word_1_26' title='bbox 1931 960 1967 1029; x_wconf 92' lang='lat' dir='ltr'>et</span> <span class='ocrx_word' id='word_1_27' title='bbox 1991 953 2105 1029; x_wconf 86' lang='lat' dir='ltr'>dicere</span> <span class='ocrx_word' id='word_1_28' title='bbox 2128 954 2209 1031; x_wconf 85' lang='lat' dir='ltr'>sole·</span> 
     </span>
     <span class='ocr_line' id='line_1_4' title="bbox 698 1070 2211 1171; baseline 0.001 -23"><span class='ocrx_word' id='word_1_29' title='bbox 698 1074 787 1151; x_wconf 88' lang='lat' dir='ltr'>bant</span> <span class='ocrx_word' id='word_1_30' title='bbox 818 1096 934 1151; x_wconf 89' lang='lat' dir='ltr'>coram</span> <span class='ocrx_word' id='word_1_31' title='bbox 966 1070 1206 1161; x_wconf 79' lang='lat' dir='ltr'>auditoribus,</span> <span class='ocrx_word' id='word_1_32' title='bbox 1241 1078 1278 1149; x_wconf 89' lang='lat' dir='ltr'>et</span> <span class='ocrx_word' id='word_1_33' title='bbox 1306 1072 1503 1151; x_wconf 73' lang='lat' dir='ltr'>scribebant</span> <span class='ocrx_word' id='word_1_34' title='bbox 1538 1072 1619 1149; x_wconf 86' lang='lat' dir='ltr'>solis</span> <span class='ocrx_word' id='word_1_35' title='bbox 1656 1070 1924 1163; x_wconf 86' lang='lat' dir='ltr'>excultioribus,</span> <span class='ocrx_word' id='word_1_36' title='bbox 1957 1073 2022 1171; x_wconf 88' lang='lat' dir='ltr'>qui</span> <span class='ocrx_word' id='word_1_37' title='bbox 2049 1072 2113 1148; x_wconf 89' lang='lat' dir='ltr'>nni</span> <span class='ocrx_word' id='word_1_38' title='bbox 2145 1073 2211 1149; x_wconf 84' lang='lat' dir='ltr'>lere</span> 
     </span>
     <span class='ocr_line' id='line_1_5' title="bbox 699 1191 2212 1293; baseline -0.001 -24"><span class='ocrx_word' id='word_1_39' title='bbox 699 1191 784 1269; x_wconf 88' lang='lat' dir='ltr'>satis</span> <span class='ocrx_word' id='word_1_40' title='bbox 804 1192 986 1293; x_wconf 85' lang='lat' dir='ltr'>legebant;</span> <span class='ocrx_word' id='word_1_41' title='bbox 1009 1191 1124 1271; x_wconf 90' lang='lat' dir='ltr'>omnis</span> <span class='ocrx_word' id='word_1_42' title='bbox 1144 1192 1271 1269; x_wconf 87' lang='lat' dir='ltr'>deinde</span> <span class='ocrx_word' id='word_1_43' title='bbox 1293 1193 1448 1293; x_wconf 88' lang='lat' dir='ltr'>ipsorum</span> <span class='ocrx_word' id='word_1_44' title='bbox 1467 1192 1643 1293; x_wconf 83' lang='lat' dir='ltr'>cogitandi</span> <span class='ocrx_word' id='word_1_45' title='bbox 1662 1191 1750 1269; x_wconf 87' lang='lat' dir='ltr'>ratic</span> <span class='ocrx_word' id='word_1_46' title='bbox 1769 1215 1813 1269; x_wconf 83' lang='lat' dir='ltr'>er</span> <span class='ocrx_word' id='word_1_47' title='bbox 1832 1191 2082 1291; x_wconf 88' lang='lat' dir='ltr'>colloquiorum</span> <span class='ocrx_word' id='word_1_48' title='bbox 2099 1192 2212 1292; x_wconf 89' lang='lat' dir='ltr'>potios</span> 
     </span>
    </p>
   </div>
   <div class='ocr_carea' id='block_1_3' title="bbox 690 1310 2213 3565">
    <p class='ocr_par' dir='ltr' id='par_1_3' title="bbox 690 1310 2213 3565">
     <span class='ocr_line' id='line_1_6' title="bbox 698 1310 2213 1414; baseline -0.001 -25"><span class='ocrx_word' id='word_1_49' title='bbox 698 1311 861 1389; x_wconf 88' lang='lat' dir='ltr'>mutabili</span> <span class='ocrx_word' id='word_1_50' title='bbox 882 1312 1064 1403; x_wconf 73' lang='lat' dir='ltr'>vanemte,</span> <span class='ocrx_word' id='word_1_51' title='bbox 1088 1334 1196 1411; x_wconf 87' lang='lat' dir='ltr'>quam</span> <span class='ocrx_word' id='word_1_52' title='bbox 1218 1337 1263 1390; x_wconf 86' lang='lat' dir='ltr'>er</span> <span class='ocrx_word' id='word_1_53' title='bbox 1287 1312 1413 1389; x_wconf 71' lang='lat' dir='ltr'>serens</span> <span class='ocrx_word' id='word_1_54' title='bbox 1437 1319 1474 1389; x_wconf 93' lang='lat' dir='ltr'>et</span> <span class='ocrx_word' id='word_1_55' title='bbox 1498 1312 1577 1388; x_wconf 87' lang='lat' dir='ltr'>ideo</span> <span class='ocrx_word' id='word_1_56' title='bbox 1602 1336 1704 1414; x_wconf 89' lang='lat' dir='ltr'>saepe</span> <span class='ocrx_word' id='word_1_57' title='bbox 1725 1311 1968 1389; x_wconf 76' lang='lat' dir='ltr'>remotioribus</span> <span class='ocrx_word' id='word_1_58' title='bbox 1992 1310 2119 1387; x_wconf 89' lang='lat' dir='ltr'>studiis</span> <span class='ocrx_word' id='word_1_59' title='bbox 2142 1322 2213 1387; x_wconf 88' lang='lat' dir='ltr'>erat</span> 
     </span>
     <span class='ocr_line' id='line_1_7' title="bbox 698 1429 2210 1533; baseline -0.002 -25"><span class='ocrx_word' id='word_1_60' title='bbox 698 1432 863 1509; x_wconf 86' lang='lat' dir='ltr'>derivata.</span> <span class='ocrx_word' id='word_1_61' title='bbox 912 1432 1122 1533; x_wconf 72' lang='lat' dir='ltr'><strong>Eloquentia</strong></span> <span class='ocrx_word' id='word_1_62' title='bbox 1145 1438 1225 1507; x_wconf 90' lang='lat' dir='ltr'>tum</span> <span class='ocrx_word' id='word_1_63' title='bbox 1246 1430 1411 1521; x_wconf 88' lang='lat' dir='ltr'>florebat,</span> <span class='ocrx_word' id='word_1_64' title='bbox 1443 1437 1562 1532; x_wconf 89' lang='lat' dir='ltr'>utpote</span> <span class='ocrx_word' id='word_1_65' title='bbox 1586 1430 1848 1531; x_wconf 82' lang='lat' dir='ltr'>potentissima,</span> <span class='ocrx_word' id='word_1_66' title='bbox 1873 1454 2016 1531; x_wconf 89' lang='lat' dir='ltr'>poeseos</span> <span class='ocrx_word' id='word_1_67' title='bbox 2042 1429 2128 1505; x_wconf 87' lang='lat' dir='ltr'>itam</span> <span class='ocrx_word' id='word_1_68' title='bbox 2148 1430 2210 1506; x_wconf 90' lang='lat' dir='ltr'>boc</span> 
     </span>
     <span class='ocr_line' id='line_1_8' title="bbox 698 1548 2210 1653; baseline -0.003 -25"><span class='ocrx_word' id='word_1_69' title='bbox 698 1557 772 1629; x_wconf 86' lang='lat' dir='ltr'>erat</span> <span class='ocrx_word' id='word_1_70' title='bbox 797 1578 943 1644; x_wconf 87' lang='lat' dir='ltr'>aevom,</span> <span class='ocrx_word' id='word_1_71' title='bbox 978 1577 1043 1629; x_wconf 85' lang='lat' dir='ltr'>nee</span> <span class='ocrx_word' id='word_1_72' title='bbox 1068 1552 1199 1653; x_wconf 88' lang='lat' dir='ltr'>siquis</span> <span class='ocrx_word' id='word_1_73' title='bbox 1220 1552 1259 1627; x_wconf 91' lang='lat' dir='ltr'>in</span> <span class='ocrx_word' id='word_1_74' title='bbox 1286 1550 1556 1653; x_wconf 76' lang='lat' dir='ltr'>elegantioribus</span> <span class='ocrx_word' id='word_1_75' title='bbox 1576 1556 1785 1641; x_wconf 78' lang='lat' dir='ltr'>remanetur,</span> <span class='ocrx_word' id='word_1_76' title='bbox 1819 1550 1899 1625; x_wconf 89' lang='lat' dir='ltr'>ideo</span> <span class='ocrx_word' id='word_1_77' title='bbox 1923 1558 1964 1626; x_wconf 90' lang='lat' dir='ltr'>ut</span> <span class='ocrx_word' id='word_1_78' title='bbox 1988 1572 2084 1625; x_wconf 89' lang='lat' dir='ltr'>nnnc</span> <span class='ocrx_word' id='word_1_79' title='bbox 2103 1548 2210 1623; x_wconf 87' lang='lat' dir='ltr'>aliena</span> 
     </span>
     <span class='ocr_line' id='line_1_9' title="bbox 697 1666 2209 1773; baseline -0.003 -24"><span class='ocrx_word' id='word_1_80' title='bbox 697 1696 720 1749; x_wconf 88' lang='lat' dir='ltr'>a</span> <span class='ocrx_word' id='word_1_81' title='bbox 743 1672 970 1750; x_wconf 85' lang='lat' dir='ltr'>severioribus</span> <span class='ocrx_word' id='word_1_82' title='bbox 993 1672 1126 1750; x_wconf 86' lang='lat' dir='ltr'>ratione</span> <span class='ocrx_word' id='word_1_83' title='bbox 1148 1670 1342 1763; x_wconf 84' lang='lat' dir='ltr'>scribebat,</span> <span class='ocrx_word' id='word_1_84' title='bbox 1373 1672 1538 1773; x_wconf 84' lang='lat' dir='ltr'>quoniam</span> <span class='ocrx_word' id='word_1_85' title='bbox 1560 1678 1771 1770; x_wconf 90' lang='lat' dir='ltr'>utrumque,</span> <span class='ocrx_word' id='word_1_86' title='bbox 1795 1670 1892 1770; x_wconf 90' lang='lat' dir='ltr'>quod</span> <span class='ocrx_word' id='word_1_87' title='bbox 1915 1670 2036 1747; x_wconf 90' lang='lat' dir='ltr'>saltam</span> <span class='ocrx_word' id='word_1_88' title='bbox 2065 1666 2112 1745; x_wconf 86' lang='lat' dir='ltr'>ad</span> <span class='ocrx_word' id='word_1_89' title='bbox 2133 1668 2209 1745; x_wconf 77' lang='lat' dir='ltr'>son·</span> 
     </span>
     <span class='ocr_line' id='line_1_10' title="bbox 696 1776 2210 1892; baseline -0.004 -23"><span class='ocrx_word' id='word_1_90' title='bbox 696 1792 934 1869; x_wconf 73' lang='lat' dir='ltr'>bendi&#39;artem</span> <span class='ocrx_word' id='word_1_91' title='bbox 958 1791 1131 1892; x_wconf 77' lang='lat' dir='ltr'>pertinet,</span> <span class='ocrx_word' id='word_1_92' title='bbox 1162 1792 1321 1868; x_wconf 91' lang='lat' dir='ltr'>nondum</span> <span class='ocrx_word' id='word_1_93' title='bbox 1342 1793 1430 1870; x_wconf 88' lang='lat' dir='ltr'>adeo</span> <span class='ocrx_word' id='word_1_94' title='bbox 1456 1776 1631 1869; x_wconf 61' lang='lat' dir='ltr'>&amp;remum</span> <span class='ocrx_word' id='word_1_95' title='bbox 1651 1797 1743 1867; x_wconf 89' lang='lat' dir='ltr'>esset</span> <span class='ocrx_word' id='word_1_96' title='bbox 1761 1795 1799 1866; x_wconf 89' lang='lat' dir='ltr'>et</span> <span class='ocrx_word' id='word_1_97' title='bbox 1819 1796 2026 1888; x_wconf 86' lang='lat' dir='ltr'>separatum.</span> <span class='ocrx_word' id='word_1_98' title='bbox 2076 1788 2210 1865; x_wconf 87' lang='lat' dir='ltr'>Desunt</span> 
     </span>
     <span class='ocr_line' id='line_1_11' title="bbox 698 1908 2208 2020; baseline -0.002 -33"><span class='ocrx_word' id='word_1_99' title='bbox 698 1910 872 1989; x_wconf 83' lang='lat' dir='ltr'>veteribus</span> <span class='ocrx_word' id='word_1_100' title='bbox 905 1911 1099 2011; x_wconf 86' lang='lat' dir='ltr'>permulta,</span> <span class='ocrx_word' id='word_1_101' title='bbox 1135 1910 1266 2011; x_wconf 89' lang='lat' dir='ltr'>quibus</span> <span class='ocrx_word' id='word_1_102' title='bbox 1302 1911 1413 1987; x_wconf 79' lang='lat' dir='ltr'>nostri</span> <span class='ocrx_word' id='word_1_103' title='bbox 1438 1911 1510 2020; x_wconf 76' lang='lat' dir='ltr'>iam</span> <span class='ocrx_word' id='word_1_104' title='bbox 1539 1910 1695 2012; x_wconf 89' lang='lat' dir='ltr'>gaudent</span> <span class='ocrx_word' id='word_1_105' title='bbox 1725 1908 1906 2008; x_wconf 61' lang='lat' dir='ltr'>murier,</span> <span class='ocrx_word' id='word_1_106' title='bbox 1939 1908 2002 1984; x_wconf 71' lang='lat' dir='ltr'>md</span> <span class='ocrx_word' id='word_1_107' title='bbox 2037 1932 2128 2007; x_wconf 85' lang='lat' dir='ltr'>quas</span> <span class='ocrx_word' id='word_1_108' title='bbox 2151 1908 2208 1984; x_wconf 87' lang='lat' dir='ltr'>bo·</span> 
     </span>
     <span class='ocr_line' id='line_1_12' title="bbox 695 2027 2208 2131; baseline -0.002 -25"><span class='ocrx_word' id='word_1_109' title='bbox 695 2033 822 2121; x_wconf 86' lang='lat' dir='ltr'>buere,</span> <span class='ocrx_word' id='word_1_110' title='bbox 855 2054 977 2107; x_wconf 88' lang='lat' dir='ltr'>eorum</span> <span class='ocrx_word' id='word_1_111' title='bbox 1007 2029 1110 2129; x_wconf 88' lang='lat' dir='ltr'>longe</span> <span class='ocrx_word' id='word_1_112' title='bbox 1143 2029 1310 2106; x_wconf 79' lang='lat' dir='ltr'>maiorem</span> <span class='ocrx_word' id='word_1_113' title='bbox 1331 2038 1467 2131; x_wconf 91' lang='lat' dir='ltr'>partem</span> <span class='ocrx_word' id='word_1_114' title='bbox 1488 2030 1698 2131; x_wconf 89' lang='lat' dir='ltr'>coniungere</span> <span class='ocrx_word' id='word_1_115' title='bbox 1719 2028 1864 2105; x_wconf 87' lang='lat' dir='ltr'>firmiter</span> <span class='ocrx_word' id='word_1_116' title='bbox 1884 2034 1920 2103; x_wconf 91' lang='lat' dir='ltr'>et</span> <span class='ocrx_word' id='word_1_117' title='bbox 1942 2027 2048 2104; x_wconf 90' lang='lat' dir='ltr'>simul</span> <span class='ocrx_word' id='word_1_118' title='bbox 2073 2050 2208 2103; x_wconf 88' lang='lat' dir='ltr'>omnem</span> 
     </span>
     <span class='ocr_line' id='line_1_13' title="bbox 695 2148 2206 2251; baseline -0.003 -24"><span class='ocrx_word' id='word_1_119' title='bbox 695 2174 834 2227; x_wconf 86' lang='lat' dir='ltr'>cernere</span> <span class='ocrx_word' id='word_1_120' title='bbox 870 2156 907 2225; x_wconf 88' lang='lat' dir='ltr'>et</span> <span class='ocrx_word' id='word_1_121' title='bbox 939 2172 1129 2249; x_wconf 89' lang='lat' dir='ltr'>proponere</span> <span class='ocrx_word' id='word_1_122' title='bbox 1164 2148 1284 2239; x_wconf 81' lang='lat' dir='ltr'>benit,</span> <span class='ocrx_word' id='word_1_123' title='bbox 1317 2174 1425 2249; x_wconf 91' lang='lat' dir='ltr'>quam</span> <span class='ocrx_word' id='word_1_124' title='bbox 1448 2148 1562 2227; x_wconf 91' lang='lat' dir='ltr'>nobis.</span> <span class='ocrx_word' id='word_1_125' title='bbox 1611 2150 1757 2227; x_wconf 87' lang='lat' dir='ltr'>Summa</span> <span class='ocrx_word' id='word_1_126' title='bbox 1781 2148 1890 2251; x_wconf 89' lang='lat' dir='ltr'>igitur</span> <span class='ocrx_word' id='word_1_127' title='bbox 1916 2148 2134 2247; x_wconf 72' lang='lat' dir='ltr'>antiquitatis</span> <span class='ocrx_word' id='word_1_128' title='bbox 2158 2149 2206 2223; x_wconf 84' lang='lat' dir='ltr'>in·</span> 
     </span>
     <span class='ocr_line' id='line_1_14' title="bbox 695 2268 2207 2371; baseline -0.003 -24"><span class='ocrx_word' id='word_1_129' title='bbox 695 2270 818 2371; x_wconf 89' lang='lat' dir='ltr'>genia,</span> <span class='ocrx_word' id='word_1_130' title='bbox 841 2270 1071 2347; x_wconf 69' lang='lat' dir='ltr'>Amemus</span> <span class='ocrx_word' id='word_1_131' title='bbox 1094 2268 1193 2359; x_wconf 84' lang='lat' dir='ltr'>dico,</span> <span class='ocrx_word' id='word_1_132' title='bbox 1216 2269 1841 2358; x_wconf 76' lang='lat' dir='ltr'>TnoornmnuetAnrsrormaumr,</span> <span class='ocrx_word' id='word_1_133' title='bbox 1864 2269 2067 2344; x_wconf 79' lang='lat' dir='ltr'>Pmronnn</span> <span class='ocrx_word' id='word_1_134' title='bbox 2084 2268 2207 2343; x_wconf 64' lang='lat' dir='ltr'>dende</span> 
     </span>
     <span class='ocr_line' id='line_1_15' title="bbox 695 2387 2208 2479; baseline -0.002 -14"><span class='ocrx_word' id='word_1_135' title='bbox 695 2397 732 2466; x_wconf 92' lang='lat' dir='ltr'>et</span> <span class='ocrx_word' id='word_1_136' title='bbox 753 2390 1018 2467; x_wconf 81' lang='lat' dir='ltr'>Amsrormu</span> <span class='ocrx_word' id='word_1_137' title='bbox 1039 2394 1076 2463; x_wconf 89' lang='lat' dir='ltr'>et</span> <span class='ocrx_word' id='word_1_138' title='bbox 1095 2387 1404 2479; x_wconf 79' lang='lat' dir='ltr'>Druoarnnnmr,</span> <span class='ocrx_word' id='word_1_139' title='bbox 1427 2395 1465 2465; x_wconf 89' lang='lat' dir='ltr'>et</span> <span class='ocrx_word' id='word_1_140' title='bbox 1483 2388 1528 2463; x_wconf 89' lang='lat' dir='ltr'>do</span> <span class='ocrx_word' id='word_1_141' title='bbox 1550 2387 1686 2465; x_wconf 80' lang='lat' dir='ltr'>Ietinis</span> <span class='ocrx_word' id='word_1_142' title='bbox 1705 2412 1788 2465; x_wconf 89' lang='lat' dir='ltr'>oum</span> <span class='ocrx_word' id='word_1_143' title='bbox 1805 2388 1995 2465; x_wconf 80' lang='lat' dir='ltr'>Grennonn</span> <span class='ocrx_word' id='word_1_144' title='bbox 2012 2389 2208 2463; x_wconf 76' lang='lat' dir='ltr'>Cansnnmr</span> 
     </span>
     <span class='ocr_line' id='line_1_16' title="bbox 694 2506 2206 2610; baseline -0.002 -24"><span class='ocrx_word' id='word_1_145' title='bbox 694 2511 936 2610; x_wconf 76' lang='lat' dir='ltr'>Tacrrnrrque</span> <span class='ocrx_word' id='word_1_146' title='bbox 966 2508 999 2585; x_wconf 83' lang='lat' dir='ltr'>si</span> <span class='ocrx_word' id='word_1_147' title='bbox 1022 2506 1102 2608; x_wconf 87' lang='lat' dir='ltr'>quis</span> <span class='ocrx_word' id='word_1_148' title='bbox 1135 2507 1248 2608; x_wconf 83' lang='lat' dir='ltr'>legat,</span> <span class='ocrx_word' id='word_1_149' title='bbox 1282 2507 1395 2586; x_wconf 88' lang='lat' dir='ltr'>multo</span> <span class='ocrx_word' id='word_1_150' title='bbox 1424 2508 1567 2609; x_wconf 90' lang='lat' dir='ltr'>propius</span> <span class='ocrx_word' id='word_1_151' title='bbox 1593 2508 1641 2585; x_wconf 89' lang='lat' dir='ltr'>ad</span> <span class='ocrx_word' id='word_1_152' title='bbox 1670 2508 1871 2587; x_wconf 85' lang='lat' dir='ltr'>universum</span> <span class='ocrx_word' id='word_1_153' title='bbox 1899 2508 2055 2608; x_wconf 89' lang='lat' dir='ltr'>ipsorum</span> <span class='ocrx_word' id='word_1_154' title='bbox 2085 2531 2206 2585; x_wconf 86' lang='lat' dir='ltr'>aerum</span> 
     </span>
     <span class='ocr_line' id='line_1_17' title="bbox 692 2626 2205 2729; baseline -0.003 -21"><span class='ocrx_word' id='word_1_155' title='bbox 692 2629 852 2720; x_wconf 87' lang='lat' dir='ltr'>accedet,</span> <span class='ocrx_word' id='word_1_156' title='bbox 877 2635 915 2705; x_wconf 90' lang='lat' dir='ltr'>et</span> <span class='ocrx_word' id='word_1_157' title='bbox 939 2628 1057 2705; x_wconf 88' lang='lat' dir='ltr'>omnia</span> <span class='ocrx_word' id='word_1_158' title='bbox 1080 2627 1150 2706; x_wconf 88' lang='lat' dir='ltr'>huc</span> <span class='ocrx_word' id='word_1_159' title='bbox 1175 2627 1368 2728; x_wconf 80' lang='lat' dir='ltr'>spectantia</span> <span class='ocrx_word' id='word_1_160' title='bbox 1391 2627 1658 2728; x_wconf 88' lang='lat' dir='ltr'>complectetur,</span> <span class='ocrx_word' id='word_1_161' title='bbox 1689 2651 1797 2729; x_wconf 84' lang='lat' dir='ltr'>quom</span> <span class='ocrx_word' id='word_1_162' title='bbox 1820 2627 1979 2705; x_wconf 84' lang='lat' dir='ltr'>sinestri</span> <span class='ocrx_word' id='word_1_163' title='bbox 2000 2627 2130 2704; x_wconf 88' lang='lat' dir='ltr'>saeouli</span> <span class='ocrx_word' id='word_1_164' title='bbox 2148 2626 2205 2703; x_wconf 89' lang='lat' dir='ltr'>ali·</span> 
     </span>
     <span class='ocr_line' id='line_1_18' title="bbox 693 2746 2207 2850; baseline -0.003 -24"><span class='ocrx_word' id='word_1_165' title='bbox 693 2774 802 2849; x_wconf 88' lang='lat' dir='ltr'>quem</span> <span class='ocrx_word' id='word_1_166' title='bbox 834 2748 1058 2850; x_wconf 88' lang='lat' dir='ltr'>scriptorem,</span> <span class='ocrx_word' id='word_1_167' title='bbox 1088 2748 1153 2850; x_wconf 87' lang='lat' dir='ltr'>qui</span> <span class='ocrx_word' id='word_1_168' title='bbox 1180 2748 1355 2849; x_wconf 77' lang='lat' dir='ltr'>permulta</span> <span class='ocrx_word' id='word_1_169' title='bbox 1383 2772 1425 2825; x_wconf 85' lang='lat' dir='ltr'>ea</span> <span class='ocrx_word' id='word_1_170' title='bbox 1455 2746 1600 2825; x_wconf 88' lang='lat' dir='ltr'>demum</span> <span class='ocrx_word' id='word_1_171' title='bbox 1628 2746 1706 2849; x_wconf 82' lang='lat' dir='ltr'>lege</span> <span class='ocrx_word' id='word_1_172' title='bbox 1729 2747 1922 2849; x_wconf 83' lang='lat' dir='ltr'>perspicere</span> <span class='ocrx_word' id='word_1_173' title='bbox 1947 2747 2105 2838; x_wconf 73' lang='lat' dir='ltr'>valeam,</span> <span class='ocrx_word' id='word_1_174' title='bbox 2128 2753 2207 2823; x_wconf 90' lang='lat' dir='ltr'>uta</span> 
     </span>
     <span class='ocr_line' id='line_1_19' title="bbox 692 2865 2206 2969; baseline -0.001 -24"><span class='ocrx_word' id='word_1_175' title='bbox 692 2868 815 2945; x_wconf 87' lang='lat' dir='ltr'>ceteris</span> <span class='ocrx_word' id='word_1_176' title='bbox 834 2892 976 2969; x_wconf 89' lang='lat' dir='ltr'>prorsus</span> <span class='ocrx_word' id='word_1_177' title='bbox 996 2867 1109 2945; x_wconf 77' lang='lat' dir='ltr'>armai</span> <span class='ocrx_word' id='word_1_178' title='bbox 1132 2866 1202 2944; x_wconf 88' lang='lat' dir='ltr'>buc</span> <span class='ocrx_word' id='word_1_179' title='bbox 1224 2892 1347 2945; x_wconf 90' lang='lat' dir='ltr'>omnes</span> <span class='ocrx_word' id='word_1_180' title='bbox 1364 2866 1594 2944; x_wconf 83' lang='lat' dir='ltr'>converterint</span> <span class='ocrx_word' id='word_1_181' title='bbox 1610 2866 1744 2967; x_wconf 89' lang='lat' dir='ltr'>ingenii</span> <span class='ocrx_word' id='word_1_182' title='bbox 1764 2866 1865 2945; x_wconf 78' lang='lat' dir='ltr'>vires</span> <span class='ocrx_word' id='word_1_183' title='bbox 1902 2865 2063 2943; x_wconf 78' lang='lat' dir='ltr'>Pulchris</span> <span class='ocrx_word' id='word_1_184' title='bbox 2085 2866 2206 2943; x_wconf 85' lang='lat' dir='ltr'>deinde</span> 
     </span>
     <span class='ocr_line' id='line_1_20' title="bbox 691 2984 2205 3089; baseline -0.001 -25"><span class='ocrx_word' id='word_1_185' title='bbox 691 2984 813 3064; x_wconf 84' lang='lat' dir='ltr'>formis</span> <span class='ocrx_word' id='word_1_186' title='bbox 843 2985 928 3063; x_wconf 91' lang='lat' dir='ltr'>olim</span> <span class='ocrx_word' id='word_1_187' title='bbox 956 2986 1070 3087; x_wconf 87' lang='lat' dir='ltr'>magis</span> <span class='ocrx_word' id='word_1_188' title='bbox 1102 2985 1176 3063; x_wconf 83' lang='lat' dir='ltr'>fere</span> <span class='ocrx_word' id='word_1_189' title='bbox 1209 2986 1400 3064; x_wconf 87' lang='lat' dir='ltr'>studebant</span> <span class='ocrx_word' id='word_1_190' title='bbox 1432 3011 1540 3087; x_wconf 89' lang='lat' dir='ltr'>quam</span> <span class='ocrx_word' id='word_1_191' title='bbox 1570 3011 1665 3065; x_wconf 90' lang='lat' dir='ltr'>nunc</span> <span class='ocrx_word' id='word_1_192' title='bbox 1697 2986 1866 3077; x_wconf 89' lang='lat' dir='ltr'>solemus,</span> <span class='ocrx_word' id='word_1_193' title='bbox 1899 2994 1936 3063; x_wconf 91' lang='lat' dir='ltr'>et</span> <span class='ocrx_word' id='word_1_194' title='bbox 1958 3010 2029 3063; x_wconf 92' lang='lat' dir='ltr'>non</span> <span class='ocrx_word' id='word_1_195' title='bbox 2056 2986 2205 3089; x_wconf 86' lang='lat' dir='ltr'>pulchris</span> 
     </span>
     <span class='ocr_line' id='line_1_21' title="bbox 691 3105 2204 3208; baseline -0.001 -23"><span class='ocrx_word' id='word_1_196' title='bbox 691 3114 849 3197; x_wconf 88' lang='lat' dir='ltr'>tantum,</span> <span class='ocrx_word' id='word_1_197' title='bbox 884 3105 947 3182; x_wconf 86' lang='lat' dir='ltr'>sed</span> <span class='ocrx_word' id='word_1_198' title='bbox 983 3106 1091 3183; x_wconf 87' lang='lat' dir='ltr'>ctiam</span> <span class='ocrx_word' id='word_1_199' title='bbox 1127 3105 1394 3206; x_wconf 77' lang='lat' dir='ltr'>simplicioribus</span> <span class='ocrx_word' id='word_1_200' title='bbox 1429 3114 1465 3183; x_wconf 93' lang='lat' dir='ltr'>et</span> <span class='ocrx_word' id='word_1_201' title='bbox 1497 3132 1588 3207; x_wconf 84' lang='lat' dir='ltr'>qnae</span> <span class='ocrx_word' id='word_1_202' title='bbox 1615 3106 1752 3185; x_wconf 82' lang='lat' dir='ltr'>facilius</span> <span class='ocrx_word' id='word_1_203' title='bbox 1779 3106 2058 3208; x_wconf 82' lang='lat' dir='ltr'>perspiciuntm,</span> <span class='ocrx_word' id='word_1_204' title='bbox 2091 3107 2140 3184; x_wconf 87' lang='lat' dir='ltr'>sia</span> <span class='ocrx_word' id='word_1_205' title='bbox 2170 3107 2204 3182; x_wconf 91' lang='lat' dir='ltr'>in</span> 
     </span>
     <span class='ocr_line' id='line_1_22' title="bbox 690 3224 2203 3328; baseline 0.001 -26"><span class='ocrx_word' id='word_1_206' title='bbox 690 3225 890 3328; x_wconf 81' lang='lat' dir='ltr'>tragoedia,</span> <span class='ocrx_word' id='word_1_207' title='bbox 923 3226 974 3303; x_wconf 87' lang='lat' dir='ltr'>sie</span> <span class='ocrx_word' id='word_1_208' title='bbox 1004 3224 1042 3301; x_wconf 92' lang='lat' dir='ltr'>in</span> <span class='ocrx_word' id='word_1_209' title='bbox 1074 3226 1360 3326; x_wconf 87' lang='lat' dir='ltr'>argmnentando.</span> <span class='ocrx_word' id='word_1_210' title='bbox 1410 3226 1611 3319; x_wconf 86' lang='lat' dir='ltr'>Accedunt,</span> <span class='ocrx_word' id='word_1_211' title='bbox 1647 3252 1737 3328; x_wconf 87' lang='lat' dir='ltr'>quae</span> <span class='ocrx_word' id='word_1_212' title='bbox 1770 3226 1975 3328; x_wconf 84' lang='lat' dir='ltr'>gravissima</span> <span class='ocrx_word' id='word_1_213' title='bbox 2009 3227 2080 3303; x_wconf 85' lang='lat' dir='ltr'>lere</span> <span class='ocrx_word' id='word_1_214' title='bbox 2114 3236 2203 3304; x_wconf 89' lang='lat' dir='ltr'>sunt.</span> 
     </span>
     <span class='ocr_line' id='line_1_23' title="bbox 690 3344 2202 3447; baseline -0.001 -23"><span class='ocrx_word' id='word_1_215' title='bbox 690 3348 762 3424; x_wconf 82' lang='lat' dir='ltr'>Eos</span> <span class='ocrx_word' id='word_1_216' title='bbox 782 3368 871 3445; x_wconf 92' lang='lat' dir='ltr'>quos</span> <span class='ocrx_word' id='word_1_217' title='bbox 893 3344 987 3435; x_wconf 84' lang='lat' dir='ltr'>dixi,</span> <span class='ocrx_word' id='word_1_218' title='bbox 1019 3350 1056 3421; x_wconf 92' lang='lat' dir='ltr'>et</span> <span class='ocrx_word' id='word_1_219' title='bbox 1076 3344 1291 3446; x_wconf 88' lang='lat' dir='ltr'>reliquorum</span> <span class='ocrx_word' id='word_1_220' title='bbox 1313 3344 1447 3445; x_wconf 84' lang='lat' dir='ltr'>aliquos</span> <span class='ocrx_word' id='word_1_221' title='bbox 1466 3344 1563 3423; x_wconf 86' lang='lat' dir='ltr'>baud</span> <span class='ocrx_word' id='word_1_222' title='bbox 1584 3370 1712 3447; x_wconf 82' lang='lat' dir='ltr'>magno</span> <span class='ocrx_word' id='word_1_223' title='bbox 1734 3372 1902 3437; x_wconf 89' lang='lat' dir='ltr'>numero,</span> <span class='ocrx_word' id='word_1_224' title='bbox 1935 3372 1955 3422; x_wconf 88' lang='lat' dir='ltr'>e</span> <span class='ocrx_word' id='word_1_225' title='bbox 1978 3346 2107 3446; x_wconf 92' lang='lat' dir='ltr'>qnibns</span> <span class='ocrx_word' id='word_1_226' title='bbox 2128 3348 2202 3423; x_wconf 65' lang='grc' dir='ltr'>ΗΕ·</span> 
     </span>
     <span class='ocr_line' id='line_1_24' title="bbox 690 3464 2203 3565; baseline -0.001 -21"><span class='ocrx_word' id='word_1_227' title='bbox 690 3488 869 3544; x_wconf 76' lang='lat' dir='ltr'>sonorum</span> <span class='ocrx_word' id='word_1_228' title='bbox 898 3471 936 3541; x_wconf 87' lang='lat' dir='ltr'>et</span> <span class='ocrx_word' id='word_1_229' title='bbox 967 3464 1191 3543; x_wconf 83' lang='lat' dir='ltr'>Sornocnmr</span> <span class='ocrx_word' id='word_1_230' title='bbox 1212 3466 1490 3565; x_wconf 74' lang='lat' dir='ltr'>Horarrouqns</span> <span class='ocrx_word' id='word_1_231' title='bbox 1521 3473 1558 3543; x_wconf 91' lang='lat' dir='ltr'>et</span> <span class='ocrx_word' id='word_1_232' title='bbox 1588 3466 1796 3545; x_wconf 75' lang='lat' dir='ltr'>Vmerorum</span> <span class='ocrx_word' id='word_1_233' title='bbox 1827 3474 1863 3544; x_wconf 87' lang='lat' dir='ltr'>et</span> <span class='ocrx_word' id='word_1_234' title='bbox 1892 3467 2036 3543; x_wconf 76' lang='lat' dir='ltr'>Inuum</span> <span class='ocrx_word' id='word_1_235' title='bbox 2064 3466 2203 3543; x_wconf 88' lang='lat' dir='ltr'>honoris</span> 
     </span>
    </p>
   </div>
   <div class='ocr_carea' id='block_1_4' title="bbox 558 3584 2203 3689">
    <p class='ocr_par' dir='ltr' id='par_1_4' title="bbox 558 3584 2203 3689">
     <span class='ocr_line' id='line_1_25' title="bbox 558 3584 2203 3689; baseline -0.002 -24"><span class='ocrx_word' id='word_1_236' title='bbox 558 3590 564 3599; x_wconf 89' lang='lat'><em>&#39;</em></span> <span class='ocrx_word' id='word_1_237' title='bbox 689 3609 796 3665; x_wconf 85' lang='lat' dir='ltr'>cause</span> <span class='ocrx_word' id='word_1_238' title='bbox 820 3584 984 3677; x_wconf 92' lang='lat' dir='ltr'>nomino,</span> <span class='ocrx_word' id='word_1_239' title='bbox 1007 3585 1126 3662; x_wconf 90' lang='lat' dir='ltr'>cuncti</span> <span class='ocrx_word' id='word_1_240' title='bbox 1148 3585 1219 3663; x_wconf 84' lang='lat' dir='ltr'>iam</span> <span class='ocrx_word' id='word_1_241' title='bbox 1240 3584 1461 3686; x_wconf 76' lang='lat' dir='ltr'>agnoscimus</span> <span class='ocrx_word' id='word_1_242' title='bbox 1482 3585 1663 3687; x_wconf 85' lang='lat' dir='ltr'>scriptores</span> <span class='ocrx_word' id='word_1_243' title='bbox 1683 3586 1791 3664; x_wconf 83' lang='lat' dir='ltr'>fuisse</span> <span class='ocrx_word' id='word_1_244' title='bbox 1815 3586 1993 3689; x_wconf 89' lang='lat' dir='ltr'>egregios,</span> <span class='ocrx_word' id='word_1_245' title='bbox 2017 3586 2203 3687; x_wconf 85' lang='lat' dir='ltr'>multisque</span> 
     </span>
    </p>
   </div>
   <div class='ocr_carea' id='block_1_5' title="bbox 635 3702 2202 4889">
    <p class='ocr_par' dir='ltr' id='par_1_5' title="bbox 635 3702 2202 4889">
     <span class='ocr_line' id='line_1_26' title="bbox 635 3702 2202 3805; baseline 0.001 -24"><span class='ocrx_word' id='word_1_246' title='bbox 635 3710 639 3716; x_wconf 79' lang='grc'><em>’</em></span> <span class='ocrx_word' id='word_1_247' title='bbox 689 3702 892 3781; x_wconf 87' lang='lat' dir='ltr'>nominibus</span> <span class='ocrx_word' id='word_1_248' title='bbox 913 3726 1021 3802; x_wconf 92' lang='lat' dir='ltr'>quam</span> <span class='ocrx_word' id='word_1_249' title='bbox 1040 3704 1192 3783; x_wconf 80' lang='lat' dir='ltr'>maxime</span> <span class='ocrx_word' id='word_1_250' title='bbox 1216 3704 1428 3783; x_wconf 77' lang='lat' dir='ltr'>laudabiless</span> <span class='ocrx_word' id='word_1_251' title='bbox 1454 3704 1619 3783; x_wconf 82' lang='lat' dir='ltr'>bissum</span> <span class='ocrx_word' id='word_1_252' title='bbox 1641 3714 1694 3783; x_wconf 89' lang='lat' dir='ltr'>est</span> <span class='ocrx_word' id='word_1_253' title='bbox 1715 3707 1812 3785; x_wconf 86' lang='lat' dir='ltr'>loeus</span> <span class='ocrx_word' id='word_1_254' title='bbox 1835 3715 1870 3783; x_wconf 90' lang='lat' dir='ltr'>et</span> <span class='ocrx_word' id='word_1_255' title='bbox 1893 3706 2003 3783; x_wconf 86' lang='lat' dir='ltr'>honos</span> <span class='ocrx_word' id='word_1_256' title='bbox 2024 3706 2122 3805; x_wconf 88' lang='lat' dir='ltr'>apud</span> <span class='ocrx_word' id='word_1_257' title='bbox 2146 3730 2202 3783; x_wconf 83' lang='lat' dir='ltr'>er·</span> 
     </span>
     <span class='ocr_line' id='line_1_27' title="bbox 690 3820 2201 3928; baseline 0.003 -28"><span class='ocrx_word' id='word_1_258' title='bbox 690 3820 874 3900; x_wconf 89' lang='lat' dir='ltr'>cultiorem</span> <span class='ocrx_word' id='word_1_259' title='bbox 904 3822 1115 3920; x_wconf 82' lang='lat' dir='ltr'>quemlibet,</span> <span class='ocrx_word' id='word_1_260' title='bbox 1149 3848 1265 3924; x_wconf 88' lang='lat' dir='ltr'>neque</span> <span class='ocrx_word' id='word_1_261' title='bbox 1298 3824 1423 3902; x_wconf 88' lang='lat' dir='ltr'>horum</span> <span class='ocrx_word' id='word_1_262' title='bbox 1449 3825 1577 3927; x_wconf 85' lang='lat' dir='ltr'>scripta</span> <span class='ocrx_word' id='word_1_263' title='bbox 1604 3850 1774 3928; x_wconf 88' lang='lat' dir='ltr'>umquam</span> <span class='ocrx_word' id='word_1_264' title='bbox 1800 3850 1942 3927; x_wconf 88' lang='lat' dir='ltr'>prorsus</span> <span class='ocrx_word' id='word_1_265' title='bbox 1971 3826 2201 3927; x_wconf 84' lang='lat' dir='ltr'>negligantur.</span> 
     </span>
     <span class='ocr_line' id='line_1_28' title="bbox 689 3938 2200 4047; baseline 0.003 -30"><span class='ocrx_word' id='word_1_266' title='bbox 689 3938 928 4017; x_wconf 85' lang='lat' dir='ltr'>Mutabuntur</span> <span class='ocrx_word' id='word_1_267' title='bbox 962 3939 1038 4017; x_wconf 88' lang='lat' dir='ltr'>sins</span> <span class='ocrx_word' id='word_1_268' title='bbox 1068 3942 1177 4019; x_wconf 91' lang='lat' dir='ltr'>dubio</span> <span class='ocrx_word' id='word_1_269' title='bbox 1205 3942 1389 4021; x_wconf 89' lang='lat' dir='ltr'>hominum</span> <span class='ocrx_word' id='word_1_270' title='bbox 1421 3944 1621 4045; x_wconf 84' lang='lat' dir='ltr'>opiniones,</span> <span class='ocrx_word' id='word_1_271' title='bbox 1655 3953 1692 4023; x_wconf 89' lang='lat' dir='ltr'>et</span> <span class='ocrx_word' id='word_1_272' title='bbox 1723 3946 1841 4046; x_wconf 88' lang='lat' dir='ltr'>prouti</span> <span class='ocrx_word' id='word_1_273' title='bbox 1875 3946 1919 4023; x_wconf 89' lang='lat' dir='ltr'>do</span> <span class='ocrx_word' id='word_1_274' title='bbox 1956 3944 2200 4047; x_wconf 74' lang='lat' dir='ltr'>religionibus,</span> 
     </span>
     <span class='ocr_line' id='line_1_29' title="bbox 688 4059 2199 4168; baseline 0.001 -29"><span class='ocrx_word' id='word_1_275' title='bbox 688 4060 807 4163; x_wconf 86' lang='lat' dir='ltr'>prouti</span> <span class='ocrx_word' id='word_1_276' title='bbox 828 4060 874 4137; x_wconf 89' lang='lat' dir='ltr'>de</span> <span class='ocrx_word' id='word_1_277' title='bbox 895 4059 1094 4139; x_wconf 64' lang='lat' dir='ltr'>manebus</span> <span class='ocrx_word' id='word_1_278' title='bbox 1115 4062 1278 4163; x_wconf 84' lang='lat' dir='ltr'>regendis</span> <span class='ocrx_word' id='word_1_279' title='bbox 1299 4064 1519 4158; x_wconf 84' lang='lat' dir='ltr'>existimant,</span> <span class='ocrx_word' id='word_1_280' title='bbox 1541 4064 1671 4143; x_wconf 70' lang='lat' dir='ltr'>milltes</span> <span class='ocrx_word' id='word_1_281' title='bbox 1691 4090 1794 4168; x_wconf 87' lang='lat' dir='ltr'>saepe</span> <span class='ocrx_word' id='word_1_282' title='bbox 1815 4066 2021 4143; x_wconf 81' lang='lat' dir='ltr'>recentiores</span> <span class='ocrx_word' id='word_1_283' title='bbox 2050 4063 2199 4165; x_wconf 87' lang='lat' dir='ltr'>alioquin</span> 
     </span>
     <span class='ocr_line' id='line_1_30' title="bbox 689 4179 2202 4289; baseline 0.001 -31"><span class='ocrx_word' id='word_1_284' title='bbox 689 4179 866 4283; x_wconf 82' lang='lat' dir='ltr'>egregios,</span> <span class='ocrx_word' id='word_1_285' title='bbox 897 4188 936 4259; x_wconf 86' lang='lat' dir='ltr'>ct</span> <span class='ocrx_word' id='word_1_286' title='bbox 968 4180 1049 4262; x_wconf 77' lang='lat' dir='ltr'>sibi.</span> <span class='ocrx_word' id='word_1_287' title='bbox 1067 4182 1289 4261; x_wconf 80' lang='lat' dir='ltr'>adversmtes</span> <span class='ocrx_word' id='word_1_288' title='bbox 1318 4184 1499 4263; x_wconf 75' lang='lat' dir='ltr'>damnabit</span> <span class='ocrx_word' id='word_1_289' title='bbox 1528 4186 1791 4289; x_wconf 87' lang='lat' dir='ltr'>unnsquisque,</span> <span class='ocrx_word' id='word_1_290' title='bbox 1824 4193 1887 4263; x_wconf 92' lang='lat' dir='ltr'>aut</span> <span class='ocrx_word' id='word_1_291' title='bbox 1919 4185 2054 4263; x_wconf 84' lang='lat' dir='ltr'>viliores</span> <span class='ocrx_word' id='word_1_292' title='bbox 2086 4208 2202 4261; x_wconf 85' lang='lat' dir='ltr'>secum</span> 
     </span>
     <span class='ocr_line' id='line_1_31' title="bbox 687 4299 2199 4407; baseline 0.001 -26"><span class='ocrx_word' id='word_1_293' title='bbox 687 4302 852 4381; x_wconf 75' lang='lat' dir='ltr'>fauentes</span> <span class='ocrx_word' id='word_1_294' title='bbox 874 4299 1026 4379; x_wconf 88' lang='lat' dir='ltr'>nimium</span> <span class='ocrx_word' id='word_1_295' title='bbox 1050 4302 1210 4396; x_wconf 82' lang='lat' dir='ltr'>e&#39;rtnllet,</span> <span class='ocrx_word' id='word_1_296' title='bbox 1246 4304 1308 4382; x_wconf 89' lang='lat' dir='ltr'>sed</span> <span class='ocrx_word' id='word_1_297' title='bbox 1332 4329 1436 4383; x_wconf 86' lang='lat' dir='ltr'>nemo</span> <span class='ocrx_word' id='word_1_298' title='bbox 1462 4306 1673 4384; x_wconf 79' lang='lat' dir='ltr'>Tnuormnr</span> <span class='ocrx_word' id='word_1_299' title='bbox 1696 4330 1814 4383; x_wconf 83' lang='lat' dir='ltr'>rorum</span> <span class='ocrx_word' id='word_1_300' title='bbox 1837 4305 2072 4407; x_wconf 86' lang='lat' dir='ltr'>cognitionem</span> <span class='ocrx_word' id='word_1_301' title='bbox 2099 4306 2199 4382; x_wconf 87' lang='lat' dir='ltr'>dene·</span> 
     </span>
     <span class='ocr_line' id='line_1_32' title="bbox 687 4421 2199 4527; baseline 0.001 -28"><span class='ocrx_word' id='word_1_302' title='bbox 687 4421 805 4524; x_wconf 86' lang='lat' dir='ltr'>gabit,</span> <span class='ocrx_word' id='word_1_303' title='bbox 834 4427 897 4498; x_wconf 89' lang='lat' dir='ltr'>aut</span> <span class='ocrx_word' id='word_1_304' title='bbox 925 4446 1100 4501; x_wconf 90' lang='lat' dir='ltr'>summam</span> <span class='ocrx_word' id='word_1_305' title='bbox 1131 4424 1313 4503; x_wconf 81' lang='lat' dir='ltr'>cronnonr</span> <span class='ocrx_word' id='word_1_306' title='bbox 1342 4424 1573 4527; x_wconf 85' lang='lat' dir='ltr'>eloquentiam</span> <span class='ocrx_word' id='word_1_307' title='bbox 1594 4425 1782 4503; x_wconf 75' lang='lat' dir='ltr'>laebssimo</span> <span class='ocrx_word' id='word_1_308' title='bbox 1803 4425 1944 4527; x_wconf 88' lang='lat' dir='ltr'>ingenio</span> <span class='ocrx_word' id='word_1_309' title='bbox 1965 4426 2199 4511; x_wconf 82' lang='lat' dir='ltr'>coniunctam,</span> 
     </span>
     <span class='ocr_line' id='line_1_33' title="bbox 686 4536 2197 4648; baseline 0 -29"><span class='ocrx_word' id='word_1_310' title='bbox 686 4565 790 4621; x_wconf 88' lang='lat' dir='ltr'>nemo</span> <span class='ocrx_word' id='word_1_311' title='bbox 804 4539 991 4619; x_wconf 88' lang='lat' dir='ltr'>sustinebit</span> <span class='ocrx_word' id='word_1_312' title='bbox 1003 4542 1234 4623; x_wconf 70' lang='lat' dir='ltr'>Assorinos</span> <span class='ocrx_word' id='word_1_313' title='bbox 1252 4544 1322 4623; x_wconf 88' lang='lat' dir='ltr'>dici</span> <span class='ocrx_word' id='word_1_314' title='bbox 1334 4544 1509 4623; x_wconf 87' lang='lat' dir='ltr'>abiectum</span> <span class='ocrx_word' id='word_1_315' title='bbox 1520 4536 1609 4637; x_wconf 75' lang='lat' dir='ltr'>,sel</span> <span class='ocrx_word' id='word_1_316' title='bbox 1626 4546 1794 4648; x_wconf 82' lang='lat' dir='ltr'>frigidum</span> <span class='ocrx_word' id='word_1_317' title='bbox 1807 4546 1987 4625; x_wconf 86' lang='lat' dir='ltr'>Ransrum</span> <span class='ocrx_word' id='word_1_318' title='bbox 2000 4546 2197 4646; x_wconf 84' lang='lat' dir='ltr'>Ariumqne</span> 
     </span>
     <span class='ocr_line' id='line_1_34' title="bbox 687 4661 2199 4759; baseline -0.001 -20"><span class='ocrx_word' id='word_1_319' title='bbox 687 4668 846 4759; x_wconf 83' lang='lat' dir='ltr'>poetam,</span> <span class='ocrx_word' id='word_1_320' title='bbox 869 4684 973 4739; x_wconf 91' lang='lat' dir='ltr'>nemo</span> <span class='ocrx_word' id='word_1_321' title='bbox 995 4661 1095 4741; x_wconf 82' lang='lat' dir='ltr'>facile</span> <span class='ocrx_word' id='word_1_322' title='bbox 1117 4666 1304 4757; x_wconf 70' lang='lat' dir='ltr'>Pnnrorr,</span> <span class='ocrx_word' id='word_1_323' title='bbox 1327 4672 1391 4742; x_wconf 89' lang='lat' dir='ltr'>aut</span> <span class='ocrx_word' id='word_1_324' title='bbox 1408 4666 1499 4741; x_wconf 78' lang='lat' dir='ltr'>Divo</span> <span class='ocrx_word' id='word_1_325' title='bbox 1519 4666 1571 4743; x_wconf 87' lang='lat' dir='ltr'>illi</span> <span class='ocrx_word' id='word_1_326' title='bbox 1597 4668 1706 4743; x_wconf 85' lang='lat' dir='ltr'>Inmo</span> <span class='ocrx_word' id='word_1_327' title='bbox 1726 4690 1888 4744; x_wconf 82' lang='lat' dir='ltr'>coronam</span> <span class='ocrx_word' id='word_1_328' title='bbox 1909 4665 2079 4743; x_wconf 86' lang='lat' dir='ltr'>detrahet.</span> <span class='ocrx_word' id='word_1_329' title='bbox 2110 4664 2199 4739; x_wconf 87' lang='lat' dir='ltr'>Cum</span> 
     </span>
     <span class='ocr_line' id='line_1_35' title="bbox 687 4780 2198 4889; baseline 0.001 -32"><span class='ocrx_word' id='word_1_330' title='bbox 687 4787 807 4859; x_wconf 85' lang='lat' dir='ltr'>autem</span> <span class='ocrx_word' id='word_1_331' title='bbox 830 4804 952 4861; x_wconf 90' lang='lat' dir='ltr'>omnes</span> <span class='ocrx_word' id='word_1_332' title='bbox 975 4780 1013 4859; x_wconf 91' lang='lat' dir='ltr'>in</span> <span class='ocrx_word' id='word_1_333' title='bbox 1041 4783 1226 4864; x_wconf 82' lang='lat' dir='ltr'>budandis</span> <span class='ocrx_word' id='word_1_334' title='bbox 1250 4784 1450 4865; x_wconf 88' lang='lat' dir='ltr'>hominibus</span> <span class='ocrx_word' id='word_1_335' title='bbox 1471 4786 1747 4881; x_wconf 87' lang='lat' dir='ltr'>consentiemus,</span> <span class='ocrx_word' id='word_1_336' title='bbox 1770 4787 1847 4866; x_wconf 87' lang='lat' dir='ltr'>fieri</span> <span class='ocrx_word' id='word_1_337' title='bbox 1866 4810 1935 4866; x_wconf 92' lang='lat' dir='ltr'>non</span> <span class='ocrx_word' id='word_1_338' title='bbox 1954 4792 2091 4889; x_wconf 88' lang='lat' dir='ltr'>potest,</span> <span class='ocrx_word' id='word_1_339' title='bbox 2115 4782 2198 4883; x_wconf 87' lang='lat' dir='ltr'>quin</span> 
     </span>
    </p>
   </div>
   <div class='ocr_carea' id='block_1_6' title="bbox 0 0 2450 6184">
    <p class='ocr_par' dir='ltr' id='par_1_6' title="bbox 0 0 2450 6184">
     <span class='ocr_line' id='line_1_36' title="bbox 0 0 2450 6184; baseline 0 4"><span class='ocrx_word' id='word_1_340' title='bbox 0 0 2450 6184; x_wconf 95' lang='lat' dir='ltr'> </span> 
     </span>
    </p>
   </div>
  </div>
 </body>
</html>
