<?xml version="1.0" encoding="UTF-8"?>
<!DOCTYPE html PUBLIC "-//W3C//DTD XHTML 1.0 Transitional//EN"
    "http://www.w3.org/TR/xhtml1/DTD/xhtml1-transitional.dtd">
<html xmlns="http://www.w3.org/1999/xhtml" xml:lang="en" lang="en">
 <head>
  <title>
</title>
<meta http-equiv="Content-Type" content="text/html;charset=utf-8" />
  <meta name='ocr-system' content='tesseract 3.04.00' />
  <meta name='ocr-capabilities' content='ocr_page ocr_carea ocr_par ocr_line ocrx_word'/>
</head>
<body>
  <div class='ocr_page' id='page_1' title='image "annalesacademic05unkngoog_0188.png"; bbox 0 0 4892 6184; ppageno 0'>
   <div class='ocr_carea' id='block_1_1' title="bbox 692 659 1661 732">
    <p class='ocr_par' dir='ltr' id='par_1_1' title="bbox 692 659 1661 732">
     <span class='ocr_line' id='line_1_1' title="bbox 692 659 1661 732; baseline -0.006 -2"><span class='ocrx_word' id='word_1_1' title='bbox 692 663 757 732; x_wconf 77' lang='lat'><strong>178</strong></span> <span class='ocrx_word' id='word_1_2' title='bbox 1233 663 1267 728; x_wconf 83' lang='lat' dir='ltr'><strong>C.</strong></span> <span class='ocrx_word' id='word_1_3' title='bbox 1304 660 1442 727; x_wconf 64' lang='grc' dir='ltr'><strong>ΒΗΚ</strong></span> <span class='ocrx_word' id='word_1_4' title='bbox 1474 659 1661 727; x_wconf 73' lang='lat' dir='ltr'><strong>sunau</strong></span> 
     </span>
    </p>
   </div>
   <div class='ocr_carea' id='block_1_2' title="bbox 595 866 2222 3353">
    <p class='ocr_par' dir='ltr' id='par_1_2' title="bbox 595 866 2222 3353">
     <span class='ocr_line' id='line_1_2' title="bbox 696 866 2206 963; baseline -0.001 -17"><span class='ocrx_word' id='word_1_5' title='bbox 696 872 902 958; x_wconf 79' lang='lat' dir='ltr'><strong>damnosae,</strong></span> <span class='ocrx_word' id='word_1_6' title='bbox 931 869 999 942; x_wconf 90' lang='lat' dir='ltr'><strong>nisi</strong></span> <span class='ocrx_word' id='word_1_7' title='bbox 1032 873 1157 942; x_wconf 79' lang='lat' dir='ltr'><strong>nutura</strong></span> <span class='ocrx_word' id='word_1_8' title='bbox 1192 866 1278 940; x_wconf 87' lang='lat' dir='ltr'><strong>iuris</strong></span> <span class='ocrx_word' id='word_1_9' title='bbox 1310 867 1356 941; x_wconf 90' lang='lat' dir='ltr'><strong>ad</strong></span> <span class='ocrx_word' id='word_1_10' title='bbox 1392 873 1522 942; x_wconf 89' lang='lat' dir='ltr'><strong>statum</strong></span> <span class='ocrx_word' id='word_1_11' title='bbox 1555 873 1661 963; x_wconf 90' lang='lat' dir='ltr'><strong>atque</strong></span> <span class='ocrx_word' id='word_1_12' title='bbox 1695 867 1852 936; x_wconf 69' lang='lat' dir='ltr'><strong>murum</strong></span> <span class='ocrx_word' id='word_1_13' title='bbox 1874 884 1991 938; x_wconf 87' lang='lat' dir='ltr'><strong>rerum</strong></span> <span class='ocrx_word' id='word_1_14' title='bbox 2015 888 2105 962; x_wconf 90' lang='lat' dir='ltr'><strong>quae</strong></span> <span class='ocrx_word' id='word_1_15' title='bbox 2129 867 2206 944; x_wconf 92' lang='lat' dir='ltr'><strong>iure</strong></span> 
     </span>
     <span class='ocr_line' id='line_1_3' title="bbox 622 983 2204 1086; baseline -0.003 -20"><span class='ocrx_word' id='word_1_16' title='bbox 622 1071 628 1074; x_wconf 70' lang='grc'><strong>,</strong></span> <span class='ocrx_word' id='word_1_17' title='bbox 693 989 903 1066; x_wconf 78' lang='lat' dir='ltr'><strong>ordinandae</strong></span> <span class='ocrx_word' id='word_1_18' title='bbox 927 992 1027 1074; x_wconf 89' lang='lat' dir='ltr'><strong>sunt,</strong></span> <span class='ocrx_word' id='word_1_19' title='bbox 1045 985 1332 1061; x_wconf 74' lang='lat' dir='ltr'><strong>accommodetur.</strong></span> <span class='ocrx_word' id='word_1_20' title='bbox 1383 987 1482 1062; x_wconf 84' lang='lat' dir='ltr'><strong>Haec</strong></span> <span class='ocrx_word' id='word_1_21' title='bbox 1500 1009 1580 1060; x_wconf 87' lang='lat' dir='ltr'><strong>vero</strong></span> <span class='ocrx_word' id='word_1_22' title='bbox 1605 984 1635 1059; x_wconf 90' lang='lat' dir='ltr'><strong>si</strong></span> <span class='ocrx_word' id='word_1_23' title='bbox 1656 983 1748 1057; x_wconf 87' lang='lat' dir='ltr'><strong>inter</strong></span> <span class='ocrx_word' id='word_1_24' title='bbox 1760 1005 1797 1056; x_wconf 90' lang='lat' dir='ltr'><strong>se</strong></span> <span class='ocrx_word' id='word_1_25' title='bbox 1808 993 2030 1082; x_wconf 82' lang='lat' dir='ltr'><strong>repugnent,</strong></span> <span class='ocrx_word' id='word_1_26' title='bbox 2051 985 2081 1060; x_wconf 88' lang='lat' dir='ltr'><strong>si</strong></span> <span class='ocrx_word' id='word_1_27' title='bbox 2102 986 2204 1086; x_wconf 86' lang='lat' dir='ltr'><strong>legis·</strong></span> 
     </span>
     <span class='ocr_line' id='line_1_4' title="bbox 693 1101 2204 1206; baseline -0.002 -23"><span class='ocrx_word' id='word_1_28' title='bbox 693 1109 781 1183; x_wconf 86' lang='lat' dir='ltr'><strong>lator</strong></span> <span class='ocrx_word' id='word_1_29' title='bbox 805 1108 962 1193; x_wconf 89' lang='lat' dir='ltr'><strong>levitate,</strong></span> <span class='ocrx_word' id='word_1_30' title='bbox 991 1105 1190 1204; x_wconf 86' lang='lat' dir='ltr'><strong>ignorantia·</strong></span> <span class='ocrx_word' id='word_1_31' title='bbox 1206 1105 1316 1206; x_wconf 85' lang='lat' dir='ltr'><strong>egerit</strong></span> <span class='ocrx_word' id='word_1_32' title='bbox 1339 1130 1421 1180; x_wconf 91' lang='lat' dir='ltr'><strong>eave</strong></span> <span class='ocrx_word' id='word_1_33' title='bbox 1444 1103 1606 1203; x_wconf 87' lang='lat' dir='ltr'><strong>superbia</strong></span> <span class='ocrx_word' id='word_1_34' title='bbox 1629 1127 1699 1202; x_wconf 90' lang='lat' dir='ltr'><strong>qua</strong></span> <span class='ocrx_word' id='word_1_35' title='bbox 1721 1101 1808 1176; x_wconf 91' lang='lat' dir='ltr'><strong>iuris</strong></span> <span class='ocrx_word' id='word_1_36' title='bbox 1829 1103 1996 1184; x_wconf 88' lang='lat' dir='ltr'><strong>naturalis</strong></span> <span class='ocrx_word' id='word_1_37' title='bbox 2021 1105 2204 1203; x_wconf 81' lang='lat' dir='ltr'><strong>scriptores</strong></span> 
     </span>
     <span class='ocr_line' id='line_1_5' title="bbox 690 1220 2206 1325; baseline -0.001 -23"><span class='ocrx_word' id='word_1_38' title='bbox 690 1227 863 1325; x_wconf 89' lang='lat' dir='ltr'><strong>multique</strong></span> <span class='ocrx_word' id='word_1_39' title='bbox 884 1225 1094 1324; x_wconf 78' lang='lat' dir='ltr'><strong>legislatores</strong></span> <span class='ocrx_word' id='word_1_40' title='bbox 1110 1226 1315 1300; x_wconf 83' lang='lat' dir='ltr'><strong>recentiores</strong></span> <span class='ocrx_word' id='word_1_41' title='bbox 1337 1225 1444 1300; x_wconf 89' lang='lat' dir='ltr'><strong>vitam</strong></span> <span class='ocrx_word' id='word_1_42' title='bbox 1462 1225 1606 1324; x_wconf 89' lang='lat' dir='ltr'><strong>iuraque</strong></span> <span class='ocrx_word' id='word_1_43' title='bbox 1631 1222 1751 1322; x_wconf 90' lang='lat' dir='ltr'><strong>populi</strong></span> <span class='ocrx_word' id='word_1_44' title='bbox 1773 1220 1819 1296; x_wconf 88' lang='lat' dir='ltr'><strong>ed</strong></span> <span class='ocrx_word' id='word_1_45' title='bbox 1839 1233 2104 1323; x_wconf 85' lang='lat' dir='ltr'><strong>praeconceptos</strong></span> <span class='ocrx_word' id='word_1_46' title='bbox 2123 1251 2206 1300; x_wconf 91' lang='lat' dir='ltr'><strong>suos</strong></span> 
     </span>
     <span class='ocr_line' id='line_1_6' title="bbox 692 1341 2204 1444; baseline -0.001 -24"><span class='ocrx_word' id='word_1_47' title='bbox 692 1347 736 1420; x_wconf 92' lang='lat' dir='ltr'><strong>de</strong></span> <span class='ocrx_word' id='word_1_48' title='bbox 768 1345 854 1423; x_wconf 82' lang='lat' dir='ltr'><strong>iuris</strong></span> <span class='ocrx_word' id='word_1_49' title='bbox 883 1369 1068 1444; x_wconf 85' lang='lat' dir='ltr'><strong>rerumque</strong></span> <span class='ocrx_word' id='word_1_50' title='bbox 1097 1354 1221 1420; x_wconf 85' lang='lat' dir='ltr'><strong>natura</strong></span> <span class='ocrx_word' id='word_1_51' title='bbox 1252 1368 1382 1419; x_wconf 88' lang='lat' dir='ltr'><strong>errores</strong></span> <span class='ocrx_word' id='word_1_52' title='bbox 1407 1352 1631 1443; x_wconf 78' lang='lat' dir='ltr'><strong>contorquere</strong></span> <span class='ocrx_word' id='word_1_53' title='bbox 1656 1341 1772 1417; x_wconf 90' lang='lat' dir='ltr'><strong>conati</strong></span> <span class='ocrx_word' id='word_1_54' title='bbox 1794 1350 1896 1430; x_wconf 88' lang='lat' dir='ltr'><strong>suut,</strong></span> <span class='ocrx_word' id='word_1_55' title='bbox 1925 1343 2014 1418; x_wconf 81' lang='lat' dir='ltr'><strong>nihil</strong></span> <span class='ocrx_word' id='word_1_56' title='bbox 2034 1344 2109 1418; x_wconf 81' lang='lat' dir='ltr'><strong>fere</strong></span> <span class='ocrx_word' id='word_1_57' title='bbox 2127 1370 2204 1443; x_wconf 89' lang='lat' dir='ltr'><strong>per·</strong></span> 
     </span>
     <span class='ocr_line' id='line_1_7' title="bbox 691 1461 2222 1568; baseline -0.002 -28"><span class='ocrx_word' id='word_1_58' title='bbox 691 1465 858 1541; x_wconf 87' lang='lat' dir='ltr'><strong>niciosius</strong></span> <span class='ocrx_word' id='word_1_59' title='bbox 881 1465 1024 1564; x_wconf 88' lang='lat' dir='ltr'><strong>cogitari</strong></span> <span class='ocrx_word' id='word_1_60' title='bbox 1046 1471 1242 1564; x_wconf 82' lang='lat' dir='ltr'><strong>potestant</strong></span> <span class='ocrx_word' id='word_1_61' title='bbox 1265 1463 1487 1539; x_wconf 88' lang='lat' dir='ltr'><strong>temerarium</strong></span> <span class='ocrx_word' id='word_1_62' title='bbox 1509 1462 1633 1564; x_wconf 89' lang='lat' dir='ltr'><strong>magis.</strong></span> <span class='ocrx_word' id='word_1_63' title='bbox 1674 1461 1783 1536; x_wconf 92' lang='lat' dir='ltr'><strong>Nullo</strong></span> <span class='ocrx_word' id='word_1_64' title='bbox 1802 1461 1896 1535; x_wconf 91' lang='lat' dir='ltr'><strong>enim</strong></span> <span class='ocrx_word' id='word_1_65' title='bbox 1917 1463 1985 1568; x_wconf 90' lang='lat' dir='ltr'><strong>alio</strong></span> <span class='ocrx_word' id='word_1_66' title='bbox 2006 1463 2082 1537; x_wconf 90' lang='lat' dir='ltr'><strong>iure</strong></span> <span class='ocrx_word' id='word_1_67' title='bbox 2102 1465 2222 1564; x_wconf 71' lang='lat' dir='ltr'><strong>legis-¹</strong></span> 
     </span>
     <span class='ocr_line' id='line_1_8' title="bbox 692 1581 2204 1684; baseline -0.001 -24"><span class='ocrx_word' id='word_1_68' title='bbox 692 1587 780 1660; x_wconf 86' lang='lat' dir='ltr'><strong>lator</strong></span> <span class='ocrx_word' id='word_1_69' title='bbox 815 1586 936 1684; x_wconf 92' lang='lat' dir='ltr'><strong>populi</strong></span> <span class='ocrx_word' id='word_1_70' title='bbox 967 1584 1127 1660; x_wconf 87' lang='lat' dir='ltr'><strong>instituta</strong></span> <span class='ocrx_word' id='word_1_71' title='bbox 1161 1609 1226 1660; x_wconf 90' lang='lat' dir='ltr'><strong>suo</strong></span> <span class='ocrx_word' id='word_1_72' title='bbox 1261 1583 1430 1658; x_wconf 89' lang='lat' dir='ltr'><strong>arbitratu</strong></span> <span class='ocrx_word' id='word_1_73' title='bbox 1464 1582 1554 1682; x_wconf 89' lang='lat' dir='ltr'><strong>regit</strong></span> <span class='ocrx_word' id='word_1_74' title='bbox 1594 1605 1700 1680; x_wconf 92' lang='lat' dir='ltr'><strong>quam</strong></span> <span class='ocrx_word' id='word_1_75' title='bbox 1736 1581 1983 1679; x_wconf 89' lang='lat' dir='ltr'><strong>grammaticus</strong></span> <span class='ocrx_word' id='word_1_76' title='bbox 2027 1583 2204 1682; x_wconf 82' lang='lat' dir='ltr'><strong>linguam,</strong></span> 
     </span>
     <span class='ocr_line' id='line_1_9' title="bbox 691 1701 2203 1803; baseline 0 -25"><span class='ocrx_word' id='word_1_77' title='bbox 691 1704 848 1779; x_wconf 89' lang='lat' dir='ltr'><strong>medicus</strong></span> <span class='ocrx_word' id='word_1_78' title='bbox 880 1704 1030 1803; x_wconf 91' lang='lat' dir='ltr'><strong>corporis</strong></span> <span class='ocrx_word' id='word_1_79' title='bbox 1065 1704 1209 1780; x_wconf 89' lang='lat' dir='ltr'><strong>humani</strong></span> <span class='ocrx_word' id='word_1_80' title='bbox 1238 1704 1532 1779; x_wconf 88' lang='lat' dir='ltr'><strong>constitutionem.</strong></span> <span class='ocrx_word' id='word_1_81' title='bbox 1587 1701 1746 1777; x_wconf 78' lang='lat' dir='ltr'><strong>Pericula</strong></span> <span class='ocrx_word' id='word_1_82' title='bbox 1769 1723 1905 1798; x_wconf 90' lang='lat' dir='ltr'><strong>semper</strong></span> <span class='ocrx_word' id='word_1_83' title='bbox 1914 1710 2010 1775; x_wconf 85' lang='lat' dir='ltr'><strong>suut</strong></span> <span class='ocrx_word' id='word_1_84' title='bbox 2028 1701 2203 1778; x_wconf 83' lang='lat' dir='ltr'><strong>iacienda:</strong></span> 
     </span>
     <span class='ocr_line' id='line_1_10' title="bbox 690 1820 2204 1923; baseline -0.003 -21"><span class='ocrx_word' id='word_1_85' title='bbox 690 1847 772 1923; x_wconf 81' lang='lat' dir='ltr'><strong>ergo</strong></span> <span class='ocrx_word' id='word_1_86' title='bbox 812 1825 891 1922; x_wconf 91' lang='lat' dir='ltr'><strong>quis</strong></span> <span class='ocrx_word' id='word_1_87' title='bbox 924 1824 1159 1922; x_wconf 80' lang='lat' dir='ltr'><strong>impmbabit?</strong></span> <span class='ocrx_word' id='word_1_88' title='bbox 1209 1824 1320 1898; x_wconf 90' lang='lat' dir='ltr'><strong>Modo</strong></span> <span class='ocrx_word' id='word_1_89' title='bbox 1351 1849 1372 1897; x_wconf 92' lang='lat' dir='ltr'><strong>a</strong></span> <span class='ocrx_word' id='word_1_90' title='bbox 1401 1823 1512 1898; x_wconf 88' lang='lat' dir='ltr'><strong>doctis</strong></span> <span class='ocrx_word' id='word_1_91' title='bbox 1547 1820 1830 1920; x_wconf 85' lang='lat' dir='ltr'><strong>sapientibusque</strong></span> <span class='ocrx_word' id='word_1_92' title='bbox 1865 1820 1946 1894; x_wconf 88' lang='lat' dir='ltr'><strong>viris</strong></span> <span class='ocrx_word' id='word_1_93' title='bbox 1982 1847 2089 1919; x_wconf 88' lang='lat' dir='ltr'><strong>quam</strong></span> <span class='ocrx_word' id='word_1_94' title='bbox 2120 1847 2204 1921; x_wconf 91' lang='lat' dir='ltr'><strong>pru·</strong></span> 
     </span>
     <span class='ocr_line' id='line_1_11' title="bbox 669 1940 2204 2042; baseline 0 -26"><span class='ocrx_word' id='word_1_95' title='bbox 669 1943 895 2018; x_wconf 70' lang='lat' dir='ltr'><strong>‘dentissime</strong></span> <span class='ocrx_word' id='word_1_96' title='bbox 928 1944 1033 2031; x_wconf 88' lang='lat' dir='ltr'><strong>fiant,</strong></span> <span class='ocrx_word' id='word_1_97' title='bbox 1066 1943 1128 2041; x_wconf 93' lang='lat' dir='ltr'><strong>qui</strong></span> <span class='ocrx_word' id='word_1_98' title='bbox 1160 1967 1366 2042; x_wconf 91' lang='lat' dir='ltr'><strong>persuasum</strong></span> <span class='ocrx_word' id='word_1_99' title='bbox 1396 1943 1463 2017; x_wconf 89' lang='lat' dir='ltr'><strong>sibi</strong></span> <span class='ocrx_word' id='word_1_100' title='bbox 1491 1942 1621 2016; x_wconf 84' lang='lat' dir='ltr'><strong>babent</strong></span> <span class='ocrx_word' id='word_1_101' title='bbox 1653 1940 1799 2040; x_wconf 91' lang='lat' dir='ltr'><strong>populos</strong></span> <span class='ocrx_word' id='word_1_102' title='bbox 1836 1963 1906 2013; x_wconf 91' lang='lat' dir='ltr'><strong>non</strong></span> <span class='ocrx_word' id='word_1_103' title='bbox 1935 1943 2105 2016; x_wconf 76' lang='lat' dir='ltr'><strong>maclines</strong></span> <span class='ocrx_word' id='word_1_104' title='bbox 2125 1966 2204 2016; x_wconf 89' lang='lat' dir='ltr'><strong>esse</strong></span> 
     </span>
     <span class='ocr_line' id='line_1_12' title="bbox 690 2059 2201 2160; baseline -0.001 -24"><span class='ocrx_word' id='word_1_105' title='bbox 690 2086 754 2136; x_wconf 92' lang='lat' dir='ltr'><strong>nec</strong></span> <span class='ocrx_word' id='word_1_106' title='bbox 786 2062 943 2136; x_wconf 92' lang='lat' dir='ltr'><strong>homines</strong></span> <span class='ocrx_word' id='word_1_107' title='bbox 973 2087 1097 2149; x_wconf 82' lang='lat' dir='ltr'><strong>ranae,</strong></span> <span class='ocrx_word' id='word_1_108' title='bbox 1130 2063 1191 2136; x_wconf 89' lang='lat' dir='ltr'><strong>sed</strong></span> <span class='ocrx_word' id='word_1_109' title='bbox 1225 2063 1342 2135; x_wconf 89' lang='lat' dir='ltr'><strong>divino</strong></span> <span class='ocrx_word' id='word_1_110' title='bbox 1374 2062 1499 2160; x_wconf 90' lang='lat' dir='ltr'><strong>spiritu</strong></span> <span class='ocrx_word' id='word_1_111' title='bbox 1528 2062 1634 2135; x_wconf 88' lang='lat' dir='ltr'><strong>vitam</strong></span> <span class='ocrx_word' id='word_1_112' title='bbox 1667 2083 1786 2134; x_wconf 90' lang='lat' dir='ltr'><strong>eorum</strong></span> <span class='ocrx_word' id='word_1_113' title='bbox 1814 2059 1910 2134; x_wconf 84' lang='lat' dir='ltr'><strong>intus</strong></span> <span class='ocrx_word' id='word_1_114' title='bbox 1931 2059 2033 2143; x_wconf 76' lang='lat' dir='ltr'><strong>sliat</strong></span> <span class='ocrx_word' id='word_1_115' title='bbox 2061 2061 2201 2136; x_wconf 88' lang='lat' dir='ltr'><strong>moseri.</strong></span> 
     </span>
     <span class='ocr_line' id='line_1_13' title="bbox 691 2178 2204 2278; baseline -0.003 -18"><span class='ocrx_word' id='word_1_116' title='bbox 691 2181 864 2260; x_wconf 88' lang='lat' dir='ltr'><strong>Quocirca</strong></span> <span class='ocrx_word' id='word_1_117' title='bbox 886 2180 1008 2256; x_wconf 85' lang='lat' dir='ltr'><strong>merito</strong></span> <span class='ocrx_word' id='word_1_118' title='bbox 1031 2181 1057 2253; x_wconf 91' lang='lat' dir='ltr'><strong>ii</strong></span> <span class='ocrx_word' id='word_1_119' title='bbox 1078 2180 1199 2278; x_wconf 88' lang='lat' dir='ltr'><strong>populi</strong></span> <span class='ocrx_word' id='word_1_120' title='bbox 1223 2181 1411 2256; x_wconf 84' lang='lat' dir='ltr'><strong>laudantur</strong></span> <span class='ocrx_word' id='word_1_121' title='bbox 1433 2179 1497 2278; x_wconf 91' lang='lat' dir='ltr'><strong>qui</strong></span> <span class='ocrx_word' id='word_1_122' title='bbox 1518 2187 1599 2254; x_wconf 89' lang='lat' dir='ltr'><strong>ante</strong></span> <span class='ocrx_word' id='word_1_123' title='bbox 1621 2178 1827 2277; x_wconf 84' lang='lat' dir='ltr'><strong>perscrutari</strong></span> <span class='ocrx_word' id='word_1_124' title='bbox 1847 2179 1885 2252; x_wconf 93' lang='lat' dir='ltr'><strong>in</strong></span> <span class='ocrx_word' id='word_1_125' title='bbox 1909 2203 2049 2254; x_wconf 92' lang='lat' dir='ltr'><strong>omnem</strong></span> <span class='ocrx_word' id='word_1_126' title='bbox 2069 2187 2204 2277; x_wconf 86' lang='lat' dir='ltr'><strong>partem</strong></span> 
     </span>
     <span class='ocr_line' id='line_1_14' title="bbox 693 2297 2205 2398; baseline 0.001 -26"><span class='ocrx_word' id='word_1_127' title='bbox 693 2320 813 2374; x_wconf 90' lang='lat' dir='ltr'><strong>verum</strong></span> <span class='ocrx_word' id='word_1_128' title='bbox 844 2323 960 2373; x_wconf 88' lang='lat' dir='ltr'><strong>rerum</strong></span> <span class='ocrx_word' id='word_1_129' title='bbox 989 2305 1119 2373; x_wconf 90' lang='lat' dir='ltr'><strong>statum</strong></span> <span class='ocrx_word' id='word_1_130' title='bbox 1144 2300 1274 2389; x_wconf 80' lang='lat' dir='ltr'><strong>solent,</strong></span> <span class='ocrx_word' id='word_1_131' title='bbox 1304 2301 1349 2374; x_wconf 92' lang='lat' dir='ltr'><strong>de</strong></span> <span class='ocrx_word' id='word_1_132' title='bbox 1369 2298 1498 2398; x_wconf 92' lang='lat' dir='ltr'><strong>quibus</strong></span> <span class='ocrx_word' id='word_1_133' title='bbox 1520 2298 1715 2378; x_wconf 82' lang='lat' dir='ltr'><strong>excolendis</strong></span> <span class='ocrx_word' id='word_1_134' title='bbox 1736 2297 1869 2396; x_wconf 87' lang='lat' dir='ltr'><strong>agitur,</strong></span> <span class='ocrx_word' id='word_1_135' title='bbox 1896 2299 2080 2396; x_wconf 90' lang='lat' dir='ltr'><strong>quamius</strong></span> <span class='ocrx_word' id='word_1_136' title='bbox 2100 2321 2205 2391; x_wconf 87' lang='lat' dir='ltr'><strong>suum</strong></span> 
     </span>
     <span class='ocr_line' id='line_1_15' title="bbox 692 2414 2204 2516; baseline -0.001 -23"><span class='ocrx_word' id='word_1_137' title='bbox 692 2425 850 2506; x_wconf 88' lang='lat' dir='ltr'><strong>mutent,</strong></span> <span class='ocrx_word' id='word_1_138' title='bbox 870 2417 1001 2516; x_wconf 89' lang='lat' dir='ltr'><strong>quique</strong></span> <span class='ocrx_word' id='word_1_139' title='bbox 1027 2425 1170 2493; x_wconf 89' lang='lat' dir='ltr'><strong>censent</strong></span> <span class='ocrx_word' id='word_1_140' title='bbox 1190 2418 1227 2492; x_wconf 91' lang='lat' dir='ltr'><strong>in</strong></span> <span class='ocrx_word' id='word_1_141' title='bbox 1254 2418 1360 2492; x_wconf 89' lang='lat' dir='ltr'><strong>rebus</strong></span> <span class='ocrx_word' id='word_1_142' title='bbox 1378 2417 1476 2492; x_wconf 89' lang='lat' dir='ltr'><strong>novis</strong></span> <span class='ocrx_word' id='word_1_143' title='bbox 1493 2415 1743 2492; x_wconf 89' lang='lat' dir='ltr'><strong>constituendis</strong></span> <span class='ocrx_word' id='word_1_144' title='bbox 1764 2414 1960 2489; x_wconf 78' lang='lat' dir='ltr'><strong>evidentem</strong></span> <span class='ocrx_word' id='word_1_145' title='bbox 1979 2440 2055 2490; x_wconf 92' lang='lat' dir='ltr'><strong>esse</strong></span> <span class='ocrx_word' id='word_1_146' title='bbox 2080 2415 2204 2492; x_wconf 89' lang='lat' dir='ltr'><strong>debere</strong></span> 
     </span>
     <span class='ocr_line' id='line_1_16' title="bbox 595 2527 2203 2636; baseline -0.001 -23"><span class='ocrx_word' id='word_1_147' title='bbox 595 2565 608 2578; x_wconf 63' lang='lat'>²</span> <span class='ocrx_word' id='word_1_148' title='bbox 691 2537 888 2616; x_wconf 87' lang='lat' dir='ltr'><strong>utilitatem.</strong></span> <span class='ocrx_word' id='word_1_149' title='bbox 939 2537 990 2612; x_wconf 92' lang='lat' dir='ltr'><strong>Hi</strong></span> <span class='ocrx_word' id='word_1_150' title='bbox 1015 2539 1108 2612; x_wconf 91' lang='lat' dir='ltr'><strong>euim</strong></span> <span class='ocrx_word' id='word_1_151' title='bbox 1135 2538 1200 2612; x_wconf 91' lang='lat' dir='ltr'><strong>boc</strong></span> <span class='ocrx_word' id='word_1_152' title='bbox 1219 2539 1342 2612; x_wconf 86' lang='lat' dir='ltr'><strong>saltem</strong></span> <span class='ocrx_word' id='word_1_153' title='bbox 1363 2537 1528 2636; x_wconf 86' lang='lat' dir='ltr'><strong>consequi</strong></span> <span class='ocrx_word' id='word_1_154' title='bbox 1551 2527 1665 2611; x_wconf 81' lang='lat' dir='ltr'><strong>solent</strong></span> <span class='ocrx_word' id='word_1_155' title='bbox 1691 2541 1732 2609; x_wconf 90' lang='lat' dir='ltr'><strong>ut</strong></span> <span class='ocrx_word' id='word_1_156' title='bbox 1755 2534 1903 2610; x_wconf 88' lang='lat' dir='ltr'><strong>mutatio</strong></span> <span class='ocrx_word' id='word_1_157' title='bbox 1924 2560 2042 2610; x_wconf 88' lang='lat' dir='ltr'><strong>revera</strong></span> <span class='ocrx_word' id='word_1_158' title='bbox 2063 2535 2110 2610; x_wconf 91' lang='lat' dir='ltr'><strong>sit</strong></span> <span class='ocrx_word' id='word_1_159' title='bbox 2136 2544 2203 2612; x_wconf 90' lang='lat' dir='ltr'><strong>sta·</strong></span> 
     </span>
     <span class='ocr_line' id='line_1_17' title="bbox 691 2653 2205 2754; baseline -0.001 -22"><span class='ocrx_word' id='word_1_160' title='bbox 691 2657 772 2732; x_wconf 91' lang='lat' dir='ltr'><strong>bilis</strong></span> <span class='ocrx_word' id='word_1_161' title='bbox 804 2657 1001 2731; x_wconf 87' lang='lat' dir='ltr'><strong>emendatio</strong></span> <span class='ocrx_word' id='word_1_162' title='bbox 1027 2681 1096 2754; x_wconf 88' lang='lat' dir='ltr'><strong>qus</strong></span> <span class='ocrx_word' id='word_1_163' title='bbox 1132 2664 1187 2750; x_wconf 89' lang='lat' dir='ltr'><strong>(ut</strong></span> <span class='ocrx_word' id='word_1_164' title='bbox 1217 2657 1414 2732; x_wconf 81' lang='lat' dir='ltr'><strong>Crcrsorus</strong></span> <span class='ocrx_word' id='word_1_165' title='bbox 1447 2657 1560 2731; x_wconf 88' lang='lat' dir='ltr'><strong>verbis</strong></span> <span class='ocrx_word' id='word_1_166' title='bbox 1585 2662 1678 2748; x_wconf 88' lang='lat' dir='ltr'><strong>utar)</strong></span> <span class='ocrx_word' id='word_1_167' title='bbox 1702 2653 1896 2752; x_wconf 89' lang='lat' dir='ltr'><strong>praesentia</strong></span> <span class='ocrx_word' id='word_1_168' title='bbox 1917 2657 2111 2754; x_wconf 88' lang='lat' dir='ltr'><strong>praeteritis</strong></span> <span class='ocrx_word' id='word_1_169' title='bbox 2132 2665 2205 2732; x_wconf 88' lang='lat' dir='ltr'><strong>tam</strong></span> 
     </span>
     <span class='ocr_line' id='line_1_18' title="bbox 692 2773 2203 2877; baseline 0.003 -28"><span class='ocrx_word' id='word_1_170' title='bbox 692 2782 773 2874; x_wconf 91' lang='lat' dir='ltr'><strong>apte</strong></span> <span class='ocrx_word' id='word_1_171' title='bbox 799 2782 987 2850; x_wconf 88' lang='lat' dir='ltr'><strong>nectuntur</strong></span> <span class='ocrx_word' id='word_1_172' title='bbox 1016 2783 1057 2849; x_wconf 90' lang='lat' dir='ltr'><strong>ut</strong></span> <span class='ocrx_word' id='word_1_173' title='bbox 1081 2777 1211 2850; x_wconf 81' lang='lat' dir='ltr'><strong>futuris</strong></span> <span class='ocrx_word' id='word_1_174' title='bbox 1233 2777 1364 2876; x_wconf 90' lang='lat' dir='ltr'><strong>optime</strong></span> <span class='ocrx_word' id='word_1_175' title='bbox 1382 2777 1619 2877; x_wconf 87' lang='lat' dir='ltr'><strong>prospiciatur.</strong></span> <span class='ocrx_word' id='word_1_176' title='bbox 1670 2775 1800 2850; x_wconf 83' lang='lat' dir='ltr'><strong>Contra</strong></span> <span class='ocrx_word' id='word_1_177' title='bbox 1820 2773 1883 2872; x_wconf 89' lang='lat' dir='ltr'><strong>qui</strong></span> <span class='ocrx_word' id='word_1_178' title='bbox 1906 2775 1998 2873; x_wconf 89' lang='lat' dir='ltr'><strong>leges</strong></span> <span class='ocrx_word' id='word_1_179' title='bbox 2017 2775 2133 2852; x_wconf 89' lang='lat' dir='ltr'><strong>lerunt</strong></span> <span class='ocrx_word' id='word_1_180' title='bbox 2157 2779 2203 2853; x_wconf 93' lang='lat' dir='ltr'><strong>de</strong></span> 
     </span>
     <span class='ocr_line' id='line_1_19' title="bbox 690 2894 2204 2996; baseline 0.003 -27"><span class='ocrx_word' id='word_1_181' title='bbox 690 2895 859 2993; x_wconf 90' lang='lat' dir='ltr'><strong>negotiis,</strong></span> <span class='ocrx_word' id='word_1_182' title='bbox 896 2894 1087 2986; x_wconf 86' lang='lat' dir='ltr'><strong>institutis,</strong></span> <span class='ocrx_word' id='word_1_183' title='bbox 1124 2921 1273 2994; x_wconf 89' lang='lat' dir='ltr'><strong>quorum</strong></span> <span class='ocrx_word' id='word_1_184' title='bbox 1304 2898 1466 2996; x_wconf 87' lang='lat' dir='ltr'><strong>ignorant</strong></span> <span class='ocrx_word' id='word_1_185' title='bbox 1496 2904 1676 2985; x_wconf 88' lang='lat' dir='ltr'><strong>naturam,</strong></span> <span class='ocrx_word' id='word_1_186' title='bbox 1709 2894 1771 2992; x_wconf 90' lang='lat' dir='ltr'><strong>qui</strong></span> <span class='ocrx_word' id='word_1_187' title='bbox 1797 2895 1967 2993; x_wconf 92' lang='lat' dir='ltr'><strong>populum</strong></span> <span class='ocrx_word' id='word_1_188' title='bbox 1996 2921 2066 2970; x_wconf 89' lang='lat' dir='ltr'><strong>non</strong></span> <span class='ocrx_word' id='word_1_189' title='bbox 2093 2897 2204 2996; x_wconf 87' lang='lat' dir='ltr'><strong>pluris</strong></span> 
     </span>
     <span class='ocr_line' id='line_1_20' title="bbox 691 3013 2204 3115; baseline 0.003 -27"><span class='ocrx_word' id='word_1_190' title='bbox 691 3014 824 3090; x_wconf 83' lang='lat' dir='ltr'><strong>iaciunt</strong></span> <span class='ocrx_word' id='word_1_191' title='bbox 857 3039 964 3112; x_wconf 91' lang='lat' dir='ltr'><strong>quam</strong></span> <span class='ocrx_word' id='word_1_192' title='bbox 994 3015 1147 3090; x_wconf 87' lang='lat' dir='ltr'><strong>chartam</strong></span> <span class='ocrx_word' id='word_1_193' title='bbox 1180 3016 1238 3091; x_wconf 91' lang='lat' dir='ltr'><strong>oui</strong></span> <span class='ocrx_word' id='word_1_194' title='bbox 1268 3015 1439 3115; x_wconf 91' lang='lat' dir='ltr'><strong>quidlibet</strong></span> <span class='ocrx_word' id='word_1_195' title='bbox 1467 3015 1653 3090; x_wconf 89' lang='lat' dir='ltr'><strong>inscribere</strong></span> <span class='ocrx_word' id='word_1_196' title='bbox 1682 3013 1837 3113; x_wconf 89' lang='lat' dir='ltr'><strong>possint,</strong></span> <span class='ocrx_word' id='word_1_197' title='bbox 1861 3022 1903 3090; x_wconf 92' lang='lat' dir='ltr'><strong>ut</strong></span> <span class='ocrx_word' id='word_1_198' title='bbox 1921 3016 1965 3090; x_wconf 91' lang='lat' dir='ltr'><strong>de</strong></span> <span class='ocrx_word' id='word_1_199' title='bbox 1986 3017 2146 3092; x_wconf 80' lang='lat' dir='ltr'><strong>Jossrso</strong></span> <span class='ocrx_word' id='word_1_200' title='bbox 2164 3020 2204 3092; x_wconf 93' lang='grc' dir='ltr'>Π</span> 
     </span>
     <span class='ocr_line' id='line_1_21' title="bbox 691 3133 2202 3235; baseline 0.003 -28"><span class='ocrx_word' id='word_1_201' title='bbox 691 3133 915 3210; x_wconf 76' lang='lat' dir='ltr'><strong>Cannarum</strong></span> <span class='ocrx_word' id='word_1_202' title='bbox 945 3135 984 3208; x_wconf 89' lang='lat' dir='ltr'><strong>II</strong></span> <span class='ocrx_word' id='word_1_203' title='bbox 1020 3135 1295 3234; x_wconf 83' lang='lat' dir='ltr'><strong>pronuntiauisse</strong></span> <span class='ocrx_word' id='word_1_204' title='bbox 1325 3143 1501 3224; x_wconf 85' lang='lat' dir='ltr'><strong>narratur,</strong></span> <span class='ocrx_word' id='word_1_205' title='bbox 1540 3135 1576 3209; x_wconf 91' lang='lat' dir='ltr'><strong>hi</strong></span> <span class='ocrx_word' id='word_1_206' title='bbox 1605 3133 1777 3209; x_wconf 89' lang='lat' dir='ltr'><strong>continuis</strong></span> <span class='ocrx_word' id='word_1_207' title='bbox 1811 3135 1999 3224; x_wconf 87' lang='lat' dir='ltr'><strong>fluctibus,</strong></span> <span class='ocrx_word' id='word_1_208' title='bbox 2029 3138 2202 3235; x_wconf 87' lang='lat' dir='ltr'><strong>procellis,</strong></span> 
     </span>
     <span class='ocr_line' id='line_1_22' title="bbox 685 3253 1259 3353; baseline 0.003 -26"><span class='ocrx_word' id='word_1_209' title='bbox 685 3253 842 3328; x_wconf 89' lang='lat' dir='ltr'><strong>motibus</strong></span> <span class='ocrx_word' id='word_1_210' title='bbox 868 3253 1047 3330; x_wconf 86' lang='lat' dir='ltr'><strong>societates</strong></span> <span class='ocrx_word' id='word_1_211' title='bbox 1071 3262 1259 3353; x_wconf 88' lang='lat' dir='ltr'><strong>exponunt.</strong></span> 
     </span>
    </p>
   </div>
   <div class='ocr_carea' id='block_1_3' title="bbox 689 3491 2203 4790">
    <p class='ocr_par' dir='ltr' id='par_1_3' title="bbox 689 3491 2203 4790">
     <span class='ocr_line' id='line_1_23' title="bbox 734 3491 2201 3590; baseline 0.005 -24"><span class='ocrx_word' id='word_1_212' title='bbox 734 3491 834 3567; x_wconf 86' lang='lat' dir='ltr'><strong>Haec</strong></span> <span class='ocrx_word' id='word_1_213' title='bbox 853 3492 961 3590; x_wconf 86' lang='lat' dir='ltr'><strong>igitur</strong></span> <span class='ocrx_word' id='word_1_214' title='bbox 979 3494 1022 3568; x_wconf 91' lang='lat' dir='ltr'><strong>de</strong></span> <span class='ocrx_word' id='word_1_215' title='bbox 1041 3501 1166 3570; x_wconf 88' lang='lat' dir='ltr'><strong>natura</strong></span> <span class='ocrx_word' id='word_1_216' title='bbox 1188 3494 1339 3569; x_wconf 91' lang='lat' dir='ltr'><strong>hominis</strong></span> <span class='ocrx_word' id='word_1_217' title='bbox 1359 3493 1492 3582; x_wconf 83' lang='lat' dir='ltr'><strong>sociali,</strong></span> <span class='ocrx_word' id='word_1_218' title='bbox 1518 3494 1562 3568; x_wconf 91' lang='lat' dir='ltr'><strong>de</strong></span> <span class='ocrx_word' id='word_1_219' title='bbox 1581 3492 1731 3568; x_wconf 88' lang='lat' dir='ltr'><strong>naturali</strong></span> <span class='ocrx_word' id='word_1_220' title='bbox 1749 3493 1953 3568; x_wconf 86' lang='lat' dir='ltr'><strong>societatum</strong></span> <span class='ocrx_word' id='word_1_221' title='bbox 1971 3495 2201 3572; x_wconf 81' lang='lat' dir='ltr'><strong>humanarum</strong></span> 
     </span>
     <span class='ocr_line' id='line_1_24' title="bbox 689 3612 2202 3715; baseline 0.005 -31"><span class='ocrx_word' id='word_1_222' title='bbox 689 3619 769 3686; x_wconf 89' lang='lat' dir='ltr'><strong>ortu</strong></span> <span class='ocrx_word' id='word_1_223' title='bbox 798 3618 903 3710; x_wconf 90' lang='lat' dir='ltr'><strong>atque</strong></span> <span class='ocrx_word' id='word_1_224' title='bbox 932 3615 1188 3714; x_wconf 81' lang='lat' dir='ltr'><strong>progressione,</strong></span> <span class='ocrx_word' id='word_1_225' title='bbox 1213 3617 1327 3715; x_wconf 92' lang='lat' dir='ltr'><strong>deque</strong></span> <span class='ocrx_word' id='word_1_226' title='bbox 1351 3615 1583 3689; x_wconf 89' lang='lat' dir='ltr'><strong>doctrinarum</strong></span> <span class='ocrx_word' id='word_1_227' title='bbox 1604 3612 1782 3689; x_wconf 88' lang='lat' dir='ltr'><strong>socialium</strong></span> <span class='ocrx_word' id='word_1_228' title='bbox 1800 3639 1881 3691; x_wconf 91' lang='lat' dir='ltr'><strong>cum</strong></span> <span class='ocrx_word' id='word_1_229' title='bbox 1905 3639 1946 3688; x_wconf 90' lang='lat' dir='ltr'><strong>ea</strong></span> <span class='ocrx_word' id='word_1_230' title='bbox 1963 3615 2202 3691; x_wconf 89' lang='lat' dir='ltr'><strong>coniunctione</strong></span> 
     </span>
     <span class='ocr_line' id='line_1_25' title="bbox 691 3728 2200 3832; baseline 0.005 -30"><span class='ocrx_word' id='word_1_231' title='bbox 691 3728 997 3804; x_wconf 83' lang='lat' dir='ltr'><strong>animadvertenda</strong></span> <span class='ocrx_word' id='word_1_232' title='bbox 1018 3731 1235 3808; x_wconf 87' lang='lat' dir='ltr'><strong>videbantur.</strong></span> <span class='ocrx_word' id='word_1_233' title='bbox 1284 3733 1367 3808; x_wconf 86' lang='lat' dir='ltr'><strong>Vita</strong></span> <span class='ocrx_word' id='word_1_234' title='bbox 1391 3733 1524 3808; x_wconf 89' lang='lat' dir='ltr'><strong>socialis</strong></span> <span class='ocrx_word' id='word_1_235' title='bbox 1549 3731 1692 3832; x_wconf 85' lang='lat' dir='ltr'><strong>cogitari</strong></span> <span class='ocrx_word' id='word_1_236' title='bbox 1718 3756 1788 3807; x_wconf 91' lang='lat' dir='ltr'><strong>non</strong></span> <span class='ocrx_word' id='word_1_237' title='bbox 1815 3742 1930 3832; x_wconf 90' lang='lat' dir='ltr'><strong>potest</strong></span> <span class='ocrx_word' id='word_1_238' title='bbox 1954 3734 2025 3809; x_wconf 91' lang='lat' dir='ltr'><strong>nisi</strong></span> <span class='ocrx_word' id='word_1_239' title='bbox 2048 3736 2123 3810; x_wconf 89' lang='lat' dir='ltr'><strong>iure</strong></span> <span class='ocrx_word' id='word_1_240' title='bbox 2148 3760 2200 3810; x_wconf 90' lang='lat' dir='ltr'><strong>or·</strong></span> 
     </span>
     <span class='ocr_line' id='line_1_26' title="bbox 692 3847 2201 3950; baseline 0.006 -31"><span class='ocrx_word' id='word_1_241' title='bbox 692 3847 821 3920; x_wconf 78' lang='lat' dir='ltr'><strong>dinata</strong></span> <span class='ocrx_word' id='word_1_242' title='bbox 872 3849 956 3922; x_wconf 90' lang='lat' dir='ltr'><strong>Iura</strong></span> <span class='ocrx_word' id='word_1_243' title='bbox 988 3859 1069 3926; x_wconf 91' lang='lat' dir='ltr'><strong>sunt</strong></span> <span class='ocrx_word' id='word_1_244' title='bbox 1090 3851 1203 3925; x_wconf 91' lang='lat' dir='ltr'><strong>omnis</strong></span> <span class='ocrx_word' id='word_1_245' title='bbox 1228 3853 1340 3950; x_wconf 87' lang='lat' dir='ltr'><strong>pacis,</strong></span> <span class='ocrx_word' id='word_1_246' title='bbox 1372 3852 1541 3927; x_wconf 86' lang='lat' dir='ltr'><strong>libertatis</strong></span> <span class='ocrx_word' id='word_1_247' title='bbox 1560 3852 1804 3940; x_wconf 81' lang='lat' dir='ltr'><strong>fundamenta,</strong></span> <span class='ocrx_word' id='word_1_248' title='bbox 1831 3853 2017 3950; x_wconf 87' lang='lat' dir='ltr'><strong>praesidia:</strong></span> <span class='ocrx_word' id='word_1_249' title='bbox 2043 3852 2098 3927; x_wconf 92' lang='lat' dir='ltr'><strong>his</strong></span> <span class='ocrx_word' id='word_1_250' title='bbox 2122 3879 2201 3928; x_wconf 93' lang='lat' dir='ltr'><strong>con·</strong></span> 
     </span>
     <span class='ocr_line' id='line_1_27' title="bbox 692 3963 2201 4071; baseline 0.007 -33"><span class='ocrx_word' id='word_1_251' title='bbox 692 3963 800 4039; x_wconf 85' lang='lat' dir='ltr'><strong>vulsis</strong></span> <span class='ocrx_word' id='word_1_252' title='bbox 831 3968 944 4040; x_wconf 90' lang='lat' dir='ltr'><strong>omnis</strong></span> <span class='ocrx_word' id='word_1_253' title='bbox 976 3970 1119 4044; x_wconf 86' lang='lat' dir='ltr'><strong>societas</strong></span> <span class='ocrx_word' id='word_1_254' title='bbox 1145 3972 1366 4071; x_wconf 88' lang='lat' dir='ltr'><strong>dirumpitur.</strong></span> <span class='ocrx_word' id='word_1_255' title='bbox 1417 3971 1587 4050; x_wconf 85' lang='lat' dir='ltr'><strong>Quamvis</strong></span> <span class='ocrx_word' id='word_1_256' title='bbox 1610 3970 1703 4045; x_wconf 91' lang='lat' dir='ltr'><strong>enim</strong></span> <span class='ocrx_word' id='word_1_257' title='bbox 1728 3996 1800 4047; x_wconf 91' lang='lat' dir='ltr'><strong>non</strong></span> <span class='ocrx_word' id='word_1_258' title='bbox 1826 3978 1946 4047; x_wconf 87' lang='lat' dir='ltr'><strong>omnes</strong></span> <span class='ocrx_word' id='word_1_259' title='bbox 1973 3973 2063 4046; x_wconf 88' lang='lat' dir='ltr'><strong>vitae</strong></span> <span class='ocrx_word' id='word_1_260' title='bbox 2085 3998 2201 4048; x_wconf 88' lang='lat' dir='ltr'><strong>ueces-</strong></span> 
     </span>
     <span class='ocr_line' id='line_1_28' title="bbox 692 4085 2203 4185; baseline 0.005 -26"><span class='ocrx_word' id='word_1_261' title='bbox 692 4085 880 4176; x_wconf 90' lang='lat' dir='ltr'><strong>situdines,</strong></span> <span class='ocrx_word' id='word_1_262' title='bbox 923 4089 1051 4185; x_wconf 89' lang='lat' dir='ltr'><strong>quibus</strong></span> <span class='ocrx_word' id='word_1_263' title='bbox 1088 4091 1245 4166; x_wconf 92' lang='lat' dir='ltr'><strong>homines</strong></span> <span class='ocrx_word' id='word_1_264' title='bbox 1281 4117 1356 4166; x_wconf 91' lang='lat' dir='ltr'><strong>sese</strong></span> <span class='ocrx_word' id='word_1_265' title='bbox 1387 4092 1589 4168; x_wconf 90' lang='lat' dir='ltr'><strong>coniunctos</strong></span> <span class='ocrx_word' id='word_1_266' title='bbox 1626 4091 1800 4179; x_wconf 85' lang='lat' dir='ltr'><strong>sentiunt,</strong></span> <span class='ocrx_word' id='word_1_267' title='bbox 1835 4092 1921 4165; x_wconf 86' lang='lat' dir='ltr'><strong>iuris</strong></span> <span class='ocrx_word' id='word_1_268' title='bbox 1954 4092 2203 4167; x_wconf 81' lang='lat' dir='ltr'><strong>ordinationem</strong></span> 
     </span>
     <span class='ocr_line' id='line_1_29' title="bbox 692 4207 2202 4310; baseline 0.005 -30"><span class='ocrx_word' id='word_1_269' title='bbox 692 4207 888 4304; x_wconf 89' lang='lat' dir='ltr'><strong>requirant,</strong></span> <span class='ocrx_word' id='word_1_270' title='bbox 923 4210 1177 4310; x_wconf 89' lang='lat' dir='ltr'><strong>nonnullaeque</strong></span> <span class='ocrx_word' id='word_1_271' title='bbox 1208 4237 1328 4286; x_wconf 84' lang='lat' dir='ltr'><strong>earum</strong></span> <span class='ocrx_word' id='word_1_272' title='bbox 1355 4237 1432 4286; x_wconf 91' lang='lat' dir='ltr'><strong>eam</strong></span> <span class='ocrx_word' id='word_1_273' title='bbox 1461 4211 1549 4284; x_wconf 90' lang='lat' dir='ltr'><strong>adeo</strong></span> <span class='ocrx_word' id='word_1_274' title='bbox 1575 4220 1759 4309; x_wconf 89' lang='lat' dir='ltr'><strong>respuant,</strong></span> <span class='ocrx_word' id='word_1_275' title='bbox 1784 4211 1837 4284; x_wconf 89' lang='lat' dir='ltr'><strong>uti</strong></span> <span class='ocrx_word' id='word_1_276' title='bbox 1859 4211 2031 4300; x_wconf 88' lang='lat' dir='ltr'><strong>amicitia,</strong></span> <span class='ocrx_word' id='word_1_277' title='bbox 2055 4207 2202 4287; x_wconf 82' lang='lat' dir='ltr'><strong>beneso-</strong></span> 
     </span>
     <span class='ocr_line' id='line_1_30' title="bbox 691 4325 2202 4430; baseline 0.006 -32"><span class='ocrx_word' id='word_1_278' title='bbox 691 4325 816 4415; x_wconf 88' lang='lat' dir='ltr'><strong>lentia,</strong></span> <span class='ocrx_word' id='word_1_279' title='bbox 851 4329 974 4404; x_wconf 88' lang='lat' dir='ltr'><strong>caritas</strong></span> <span class='ocrx_word' id='word_1_280' title='bbox 1011 4354 1093 4430; x_wconf 88' lang='lat' dir='ltr'><strong>erga</strong></span> <span class='ocrx_word' id='word_1_281' title='bbox 1123 4338 1302 4430; x_wconf 86' lang='lat' dir='ltr'><strong>parentes,</strong></span> <span class='ocrx_word' id='word_1_282' title='bbox 1334 4331 1503 4429; x_wconf 87' lang='lat' dir='ltr'><strong>patriam,</strong></span> <span class='ocrx_word' id='word_1_283' title='bbox 1540 4329 1654 4429; x_wconf 87' lang='lat' dir='ltr'><strong>pietas</strong></span> <span class='ocrx_word' id='word_1_284' title='bbox 1688 4355 1771 4430; x_wconf 86' lang='lat' dir='ltr'><strong>erga</strong></span> <span class='ocrx_word' id='word_1_285' title='bbox 1803 4330 1948 4419; x_wconf 78' lang='lat' dir='ltr'><strong>Deum,</strong></span> <span class='ocrx_word' id='word_1_286' title='bbox 1972 4339 2090 4406; x_wconf 89' lang='lat' dir='ltr'><strong>tamen</strong></span> <span class='ocrx_word' id='word_1_287' title='bbox 2128 4333 2202 4408; x_wconf 90' lang='lat' dir='ltr'><strong>iure</strong></span> 
     </span>
     <span class='ocr_line' id='line_1_31' title="bbox 692 4444 2201 4550; baseline 0.004 -30"><span class='ocrx_word' id='word_1_288' title='bbox 692 4444 897 4523; x_wconf 84' lang='lat' dir='ltr'><strong>labefactoto</strong></span> <span class='ocrx_word' id='word_1_289' title='bbox 931 4449 986 4522; x_wconf 88' lang='lat' dir='ltr'><strong>vel</strong></span> <span class='ocrx_word' id='word_1_290' title='bbox 1016 4450 1171 4538; x_wconf 88' lang='lat' dir='ltr'><strong>sublato,</strong></span> <span class='ocrx_word' id='word_1_291' title='bbox 1206 4451 1290 4526; x_wconf 87' lang='lat' dir='ltr'><strong>baec</strong></span> <span class='ocrx_word' id='word_1_292' title='bbox 1325 4471 1463 4550; x_wconf 93' lang='lat' dir='ltr'><strong>quoque</strong></span> <span class='ocrx_word' id='word_1_293' title='bbox 1496 4473 1635 4526; x_wconf 87' lang='lat' dir='ltr'><strong>summa</strong></span> <span class='ocrx_word' id='word_1_294' title='bbox 1663 4450 1756 4525; x_wconf 89' lang='lat' dir='ltr'><strong>bona</strong></span> <span class='ocrx_word' id='word_1_295' title='bbox 1787 4473 1923 4526; x_wconf 89' lang='lat' dir='ltr'><strong>summe</strong></span> <span class='ocrx_word' id='word_1_296' title='bbox 1948 4451 2201 4550; x_wconf 85' lang='lat' dir='ltr'><strong>periclitantur,</strong></span> 
     </span>
     <span class='ocr_line' id='line_1_32' title="bbox 690 4569 2200 4669; baseline 0.005 -29"><span class='ocrx_word' id='word_1_297' title='bbox 690 4573 848 4663; x_wconf 87' lang='lat' dir='ltr'><strong>pereunt.</strong></span> <span class='ocrx_word' id='word_1_298' title='bbox 897 4569 991 4644; x_wconf 91' lang='lat' dir='ltr'><strong>Nam</strong></span> <span class='ocrx_word' id='word_1_299' title='bbox 1012 4569 1247 4669; x_wconf 87' lang='lat' dir='ltr'><strong>implacabiles</strong></span> <span class='ocrx_word' id='word_1_300' title='bbox 1265 4570 1483 4658; x_wconf 89' lang='lat' dir='ltr'><strong>inimicitiae,</strong></span> <span class='ocrx_word' id='word_1_301' title='bbox 1507 4570 1605 4659; x_wconf 89' lang='lat' dir='ltr'><strong>odia,</strong></span> <span class='ocrx_word' id='word_1_302' title='bbox 1631 4570 1743 4659; x_wconf 85' lang='lat' dir='ltr'><strong>bella,</strong></span> <span class='ocrx_word' id='word_1_303' title='bbox 1770 4579 1866 4646; x_wconf 86' lang='lat' dir='ltr'><strong>tanta</strong></span> <span class='ocrx_word' id='word_1_304' title='bbox 1886 4596 1924 4646; x_wconf 93' lang='lat' dir='ltr'><strong>se</strong></span> <span class='ocrx_word' id='word_1_305' title='bbox 1941 4572 2066 4647; x_wconf 82' lang='lat' dir='ltr'><strong>ferocia</strong></span> <span class='ocrx_word' id='word_1_306' title='bbox 2088 4597 2200 4647; x_wconf 91' lang='lat' dir='ltr'><strong>erum·</strong></span> 
     </span>
     <span class='ocr_line' id='line_1_33' title="bbox 691 4689 2201 4790; baseline 0.002 -31"><span class='ocrx_word' id='word_1_307' title='bbox 691 4699 792 4782; x_wconf 81' lang='lat' dir='ltr'><strong>punt¹</strong></span> <span class='ocrx_word' id='word_1_308' title='bbox 815 4696 856 4762; x_wconf 87' lang='lat' dir='ltr'><strong>ut</strong></span> <span class='ocrx_word' id='word_1_309' title='bbox 886 4689 1068 4764; x_wconf 90' lang='lat' dir='ltr'><strong>hominum</strong></span> <span class='ocrx_word' id='word_1_310' title='bbox 1093 4689 1290 4766; x_wconf 87' lang='lat' dir='ltr'><strong>immanitas</strong></span> <span class='ocrx_word' id='word_1_311' title='bbox 1324 4692 1400 4790; x_wconf 90' lang='lat' dir='ltr'><strong>ipss</strong></span> <span class='ocrx_word' id='word_1_312' title='bbox 1431 4691 1565 4766; x_wconf 75' lang='lat' dir='ltr'><strong>lentate</strong></span> <span class='ocrx_word' id='word_1_313' title='bbox 1593 4691 1713 4766; x_wconf 84' lang='lat' dir='ltr'><strong>tetrior</strong></span> <span class='ocrx_word' id='word_1_314' title='bbox 1742 4689 1788 4764; x_wconf 88' lang='lat' dir='ltr'><strong>sit</strong></span> <span class='ocrx_word' id='word_1_315' title='bbox 1810 4690 1965 4766; x_wconf 87' lang='lat' dir='ltr'><strong>dicenda.</strong></span> <span class='ocrx_word' id='word_1_316' title='bbox 1993 4690 2201 4766; x_wconf 79' lang='lat' dir='ltr'><strong>=llerissime</strong></span> 
     </span>
    </p>
   </div>
   <div class='ocr_carea' id='block_1_4' title="bbox 570 4802 2200 4912">
    <p class='ocr_par' dir='ltr' id='par_1_4' title="bbox 570 4802 2200 4912">
     <span class='ocr_line' id='line_1_34' title="bbox 570 4802 2200 4912; baseline 0.006 -39"><span class='ocrx_word' id='word_1_317' title='bbox 570 4829 573 4834; x_wconf 94' lang='lat'><em>·</em></span> <span class='ocrx_word' id='word_1_318' title='bbox 626 4875 628 4879; x_wconf 79' lang='grc'><strong>,</strong></span> <span class='ocrx_word' id='word_1_319' title='bbox 692 4802 921 4884; x_wconf 63' lang='grc' dir='ltr'><strong>δοηιιηηυε</strong></span> <span class='ocrx_word' id='word_1_320' title='bbox 955 4809 1003 4884; x_wconf 91' lang='lat' dir='ltr'><strong>in-</strong></span> <span class='ocrx_word' id='word_1_321' title='bbox 1022 4811 1291 4912; x_wconf 81' lang='lat' dir='ltr'><strong>exquisitissimo</strong></span> <span class='ocrx_word' id='word_1_322' title='bbox 1313 4811 1482 4900; x_wconf 90' lang='lat' dir='ltr'><strong>carmine,</strong></span> <span class='ocrx_word' id='word_1_323' title='bbox 1515 4836 1560 4888; x_wconf 92' lang='lat' dir='ltr'><strong>ne</strong></span> <span class='ocrx_word' id='word_1_324' title='bbox 1589 4811 1697 4907; x_wconf 80' lang='lat' dir='ltr'><strong>leonis</strong></span> <span class='ocrx_word' id='word_1_325' title='bbox 1727 4810 1870 4910; x_wconf 77' lang='lat' dir='ltr'><strong>quidem</strong></span> <span class='ocrx_word' id='word_1_326' title='bbox 1897 4821 1933 4886; x_wconf 88' lang='lat' dir='ltr'><strong>et</strong></span> <span class='ocrx_word' id='word_1_327' title='bbox 1962 4809 2061 4910; x_wconf 85' lang='lat' dir='ltr'><strong>tigris</strong></span> <span class='ocrx_word' id='word_1_328' title='bbox 2087 4810 2200 4909; x_wconf 86' lang='lat' dir='ltr'><strong>magis</strong></span> 
     </span>
    </p>
   </div>
   <div class='ocr_carea' id='block_1_5' title="bbox 0 0 2450 6181">
    <p class='ocr_par' dir='ltr' id='par_1_5' title="bbox 0 0 2450 6181">
     <span class='ocr_line' id='line_1_35' title="bbox 0 0 2450 6181; baseline 0 0"><span class='ocrx_word' id='word_1_329' title='bbox 0 0 2450 6181; x_wconf 95' lang='lat' dir='ltr'><strong> </strong></span> 
     </span>
    </p>
   </div>
  </div>
 </body>
</html>
