4892 6184
822 691 1149 822 'onnr103
1296 699 1300 711 '
1694 711 1762 800 μοι

251 897 340 1006 aum,
366 915 514 1005 tulistis,
548 915 746 993 Christiana
774 918 852 1009 illa,
885 946 992 1020 quam
1021 918 1186 1018 descripsi
1212 925 1248 992 et
1268 918 1454 1007 celebravi,
1483 917 1553 992 fide
1580 918 1764 992 sustentati

251 1046 358 1136 atqua
383 1036 507 1112 armti:
533 1061 623 1135 quaa
646 1045 687 1112 ut
709 1048 916 1140 perpetuum
940 1041 1226 1138 uberrimamque
1248 1039 1345 1114 vobis
1370 1038 1500 1138 apariat
1524 1036 1766 1113 consolationis

250 1156 404 1245 fontem,
429 1163 591 1257 optamus
613 1181 654 1232 ac
676 1182 868 1256 precamur.

302 1275 409 1350 Plura
439 1284 558 1352 autem
589 1301 764 1376 prospera·
782 1288 820 1355 et
848 1282 937 1357 laeta
970 1280 1160 1357 enarranda
1190 1280 1311 1355 habeo.
1361 1280 1414 1352 Ac
1444 1278 1596 1376 primum
1624 1276 1766 1376 quidem

254 1396 421 1494 gratulari
448 1421 505 1471 me
531 1397 740 1496 oportuisset
771 1400 862 1478 Clar.
891 1403 1095 1477 Ornoonnn
1118 1401 1162 1475 de
1185 1399 1392 1487 domestica,
1417 1422 1507 1497 quae
1527 1397 1578 1472 illi
1598 1396 1762 1496 contigit,

255 1514 430 1591 felicitate.
480 1517 617 1592 Auctus
645 1519 739 1592 euim
758 1528 831 1609 est,
863 1521 980 1595 divina
1002 1519 1235 1618 benignitate,
1269 1517 1390 1604 filiola,
1415 1516 1508 1592 salva
1532 1541 1638 1590 uxore
1662 1516 1764 1592 dilec-

254 1635 399 1711 tissima.
449 1637 551 1713 Quae
571 1635 717 1712 felicitas
737 1647 773 1712 te
791 1663 949 1736 quoque,
974 1639 1029 1712 01.
1049 1637 1331 1712 Aornnsnrrorr!
1357 1660 1484 1736 magno
1501 1635 1614 1710 affecit
1625 1635 1764 1735 gaudio.

246 1753 332 1828 'Sed
354 1753 560 1837 valetudinis
578 1778 683 1829 causa
706 1754 764 1828 hic
780 1755 901 1829 adesse
920 1779 990 1828 non
1010 1755 1135 1854 potuit.
1185 1753 1305 1830 Addat
1324 1755 1432 1855 igitur
1450 1755 1518 1830 Dei
1531 1755 1768 1831 benevolentia

258 1872 454 1961 beneficiis,
480 1871 609 1970 quibus
631 1872 731 1948 illum
754 1873 962 1962 cumulavit,
986 1873 1090 1948 etiam
1114 1872 1197 1961 hoc,
1223 1898 1292 1972 quo
1309 1874 1455 1974 pristina
1472 1899 1583 1974 eaque
1604 1875 1768 1949 continua

252 1992 306 2066 uti
341 1990 393 2064 illi
426 1991 607 2091 contingat
634 1993 852 2083 valetudine,
885 1996 926 2068 ut
958 2017 1097 2069 omnem
1126 2017 1226 2069 suam
1258 1993 1363 2068 vitam
1386 1993 1543 2093 viresque
1564 1994 1600 2067 in
1623 1994 1694 2067 vari
1716 2018 1768 2066 re-

252 2133 363 2210 gnum
388 2110 671 2210 amplificandum
695 2113 805 2212 possit
826 2112 1036 2212 impendere.

23 2410 38 2423 .
304 2351 375 2424 Sed
389 2351 456 2426 alia
470 2351 575 2426 etiam
590 2352 890 2429 commemoranda
903 2359 995 2428 sunt.
1021 2351 1225 2428 Gaudemus
1242 2351 1335 2426 enim
1349 2359 1464 2428 tecum
1477 2413 1487 2441 ,
1502 2355 1555 2430 01.
1568 2355 1768 2428 Bnnosnrnl

24 2498 43 2544 '2
128 2549 138 2566 ‚
253 2470 299 2544 de
333 2470 520 2570 singulari,
552 2496 622 2571 quo
640 2479 739 2572 pater
762 2473 890 2547 fruitus
910 2497 949 2546 es
970 2471 1117 2571 gaudio,
1142 2472 1271 2571 quippe
1293 2473 1355 2570 qui
1375 2472 1439 2548 hoc
1461 2497 1552 2551 anno
1576 2473 1769 2562 academico

24 2639 29 2647 ·
256 2595 327 2664 tres
360 2590 450 2664 filios
483 2589 655 2665 variarum
687 2591 946 2691 disciplinarum
968 2593 1136 2665 Doctores
1167 2599 1299 2666 creatos
1331 2590 1474 2679 videris,
1512 2591 1558 2666 ob
1596 2616 1771 2668 summam

255 2708 433 2785 doctrinae
457 2707 713 2808 praestantiam
729 2735 857 2811 magna
880 2735 961 2786 cum
984 2711 1097 2785 laude.
1124 2753 1168 2768 -
1199 2709 1455 2784 Gratulandum
1476 2711 1580 2784 etiam
1605 2711 1692 2786 mibi
1718 2719 1771 2786 est

254 2827 465 2902 Academiae
492 2824 630 2904 nostrae
653 2829 698 2904 ds
723 2835 941 2916 conservato,
966 2836 1058 2902 certe
1084 2851 1128 2901 ex
1155 2835 1273 2925 parta,
1297 2827 1485 2904 Monnuno
1504 2840 1631 2905 nostro.
1663 2830 1771 2908 Quod

255 2971 336 3022 cum
371 2948 503 3022 factum
535 2949 581 3023 sit
608 2955 686 3024 tum
719 2950 929 3024 Curatorum
960 2955 1156 3022 nostrorum
1181 2944 1352 3021 sententia
1374 2955 1480 3046 atqua
1507 2948 1668 3037 oonsilio,
1694 2955 1772 3022 tum

258 3067 367 3166 Regis
403 3068 642 3168 augustissimi
674 3069 832 3158 decreto,
867 3067 995 3168 gratim
1026 3066 1095 3140 illis
1126 3066 1251 3141 referre
1283 3090 1347 3141 nos
1381 3074 1535 3166 oportet,
1567 3067 1662 3167 quod
1697 3069 1772 3144 eius

260 3187 392 3262 lumine
426 3196 532 3288 atque
563 3189 767 3264 auctoritate
787 3211 857 3262 non
881 3186 983 3287 plane
1004 3185 1124 3261 orbata
1146 3185 1192 3260 sit
1212 3185 1403 3262 Academia
1427 3187 1772 3263 Rheno-Traiectina.

258 3307 382 3407 ipsum
426 3308 629 3407 compellare
666 3309 859 3396 volueram,
899 3308 961 3381 sed
996 3305 1157 3381 maximis
1194 3305 1479 3404 occupationibus
1517 3332 1554 3382 se
1591 3307 1772 3408 impediri,

258 3427 446 3526 quominus
473 3427 530 3503 hic
555 3429 677 3503 adessa
700 3437 837 3528 posset,
872 3427 1032 3502 hesterno
1054 3426 1111 3500 die
1132 3446 1270 3500 mecum
1290 3425 1565 3501 communicavit.
1590 3424 1773 3499 -Vobis

258 3555 376 3621 autem
406 3571 477 3623 non
503 3572 646 3647 possum
677 3573 747 3624 non
768 3547 953 3648 gratulari,
977 3545 1053 3620 Viri
1075 3545 1266 3620 doctissimi
1290 3545 1496 3620 Ounnnrnns
1517 3552 1553 3618 et
1573 3543 1771 3618 Vnsnrvnn·

258 3668 353 3739 unul
385 3644 429 3741 de
458 3667 666 3756 bonoribus,
698 3668 828 3768 quibus
849 3666 963 3740 ornati
987 3666 1080 3740 estis.
1130 3665 1219 3738 Eam
1242 3661 1336 3736 enim
1357 3663 1566 3738 Academiae
1587 3663 1772 3738 Curatores

255 3785 292 3858 in
330 3792 478 3884 utroque
512 3795 663 3862 vestrum
696 3795 889 3888 posuerunt
916 3783 1101 3871 fiduciam,
1137 3790 1177 3856 ut
1211 3806 1281 3857 una
1310 3805 1391 3856 cum
1419 3783 1563 3857 Lactora
1597 3783 1771 3870 cremae,

260 3902 346 3977 Viro
367 3904 470 3978 Doot.
495 3907 688 3993 Gonurno,
713 3905 878 3982 lectiones
892 3903 1019 4002 habere
1039 3902 1135 3977 vobis
1153 3901 1410 4007 mandaverint,
1431 3926 1517 4001 quas
1538 3901 1592 3976 01.
1606 3902 1772 3978 Monuna

261 4022 344 4096 dare
379 4021 521 4097 solebat.
572 4024 649 4098 Nec
679 4049 779 4124 spes,
809 4024 853 4098 de
879 4022 977 4098 vobis
1005 4029 1185 4119 suscepta,
1215 4045 1274 4096 eos
1295 4019 1430 4096 fefellit:
1457 4022 1553 4120 qnod
1573 4020 1617 4097 ab
1638 4021 1772 4100 idoneis

260 4141 385 4216 barum
408 4167 522 4216 rerum
543 4143 718 4219 iudicibus
742 4169 799 4218 ma
821 4128 1010 4242 accepisse,
1035 4139 1160 4215 lubens
1178 4141 1293 4240 palam
1312 4142 1459 4220 declaro.
1507 4143 1645 4243 Pergite
1663 4144 1772 4242 igitur
1863 4241 1865 4246 ι

257 4284 338 4348 vos,
372 4260 447 4334 Vin‘
467 4261 675 4338 doctissimil
710 4263 852 4352 eadem,
883 4287 953 4361 qua
983 4260 1161 4360 coepistis,
1194 4260 1392 4360 diligentia,
1425 4269 1461 4337 et
1484 4262 1604 4337 ardore
1628 4285 1772 4338 munere

261 4387 374 4475 vestro
399 4380 524 4480 fungi,
545 4391 650 4482 atque
672 4393 749 4460 tum
772 4383 973 4483 disciplinae
999 4389 1150 4470 vestrae,
1182 4389 1261 4454 tum
1281 4382 1413 4458 civibus
1434 4381 1657 4482 academicis,
1681 4389 1770 4456 cete·

256 4498 399 4598 risque,
424 4501 486 4600 qui
511 4503 556 4577 ad
580 4503 742 4580 lectiones
765 4500 896 4579 vestras
919 4501 1114 4591 confluant,
1137 4501 1310 4602 prodesse.
1323 4501 1470 4578 studete.

304 4621 382 4694 Nec
408 4628 442 4695 te
465 4623 649 4720 praeterire
674 4625 769 4712 volo,
793 4623 847 4700 01.
873 4647 921 4700 nn
941 4624 1139 4698 Fanunnrl
1165 4621 1295 4722 quippe
1317 4622 1376 4697 cui
1400 4646 1462 4721 per
1489 4622 1644 4721 quinque
1663 4623 1773 4702 lustra
1835 4667 1842 4680 ·

258 4748 294 4812 et
325 4739 422 4838 quod
449 4743 619 4832 excurrit,
654 4767 797 4818 munere
826 4751 889 4818 tuo
912 4743 1015 4843 fungi
1037 4741 1229 4843 contigerit.
1262 4742 1344 4816 'Est
1365 4749 1457 4817 carta
1483 4740 1568 4818 haec
1589 4742 1773 4843 singularis

257 4858 420 4936 felicitas:
447 4861 497 4965 ita
522 4862 615 4938 enim
642 4864 726 4940 data
749 4863 815 4939 tibi
834 4864 901 4939 fuit
924 4864 1071 4951 fmultas
1092 4887 1155 4962 per
1177 4863 1322 4962 longum
1346 4887 1428 4940 sana
1449 4869 1588 4962 tempus
1611 4861 1647 4938 et
1669 4862 1769 4938 disci·
