4892 6184
707 687 748 752 26
1240 686 1273 750 F.
1314 685 1354 752 G.
1394 681 1688 752 uoluunt

750 892 897 993 Aoaipe,
919 892 1146 970 Ornatissime
1168 892 1309 968 Pnoral
1333 891 1546 992 praemium,
1574 913 1645 990 quo
1664 884 1826 964 Faeultss
1844 882 1989 962 iuridios
2011 885 2160 986 dignum
2182 893 2221 962 te

702 1014 837 1090 censuit
860 1022 901 1090 nt
925 1039 1018 1114 quo,
1042 1012 1295 1113 Angustissimi
1322 1012 1431 1112 Regis
1457 1011 1617 1099 nomine,
1641 1015 1677 1084 te
1700 1006 1805 1082 dono.

752 1135 907 1234 Operae,
932 1132 1039 1209 studii
1058 1140 1091 1207 et
1113 1131 1258 1220 laboris,
1283 1157 1389 1232 quem
1413 1129 1634 1232 impendisti,
1658 1126 1871 1206 lrreulentam
1894 1127 1993 1202 eooel
2020 1131 2056 1200 et
2084 1125 2222 1202 honori·

702 1253 803 1328 fleam
827 1253 1156 1328 remunerationem!

750 1373 867 1448 Non
857 1397 887 1446 rs
906 1379 948 1448 tu
970 1397 1007 1446 es
1017 1397 1114 1470 ,qm
1104 1372 1276 1447 stimulo
1299 1395 1423 1471 egeas,
1447 1369 1650 1472 praesertim
1676 1366 1818 1442 victoria
1841 1285 1946 1441 modo
1969 1372 2158 1466 raporum
2183 1375 2224 1442 at

703 1494 855 1592 praemio
886 1493 945 1569 illo
976 1499 1150 1592 reportato
1183 1491 1270 1566 seito
1300 1491 1400 1590 quasi
1429 1489 1635 1590 pignoribus
1661 1493 1820 1564 sonetum
1854 1491 1891 1560 te
1923 1509 2019 1576 esse,
2052 1485 2157 1562 talem
2186 1495 2224 1560 te

701 1620 894 1716 praestare,
920 1613 1059 1712 qualem
1083 1618 1119 1686 te
1143 1611 1304 1687 futurum
1331 1635 1407 1685 esse
1428 1617 1464 1686 et
1490 1633 1669 1711 speramus
1693 1615 1730 1684 et
1756 1629 1979 1705 auguramur.

756 2091 907 2191 Egregia
925 2091 1001 2164 laus
1023 2087 1566 2178 est,OrnatissimeSun1uosal
1588 2111 1695 2186 quam
1716 2083 1782 2159 tibi
1805 2085 1966 2162 uacuus
1988 2085 2223 2186 philosophiae

707 2222 769 2290 nat
753 2211 874 2297 ruralis
900 2209 1086 2308 impertiit,
1117 2207 1247 2307 quippe
1275 2209 1336 2304 qui
1369 2209 1532 2283 omnibus
1569 2205 1793 2293 satisfeceris,
1824 2230 1914 2304 quae
1949 2230 2020 2282 non
2056 2207 2224 2306 postrrluri

706 2341 864 2417 tantum,
890 2329 951 2402 sed
974 2325 1102 2424 sperari
1125 2325 1266 2400 etiam
1256 2350 1294 2400 ιιι
1320 2327 1388 2402 isto
1408 2327 1613 2402 iuvenilium
1637 2327 1764 2401 virium
1789 2327 1953 2402 conflictu
1975 2332 2143 2426 poterant

681 2511 685 2518 .
755 2449 863 2528 Quod
890 2444 1276 2522 honorificentissimum
1303 2453 1563 2547 praeceptorum
1594 2454 1736 2521 tuorum
1763 2446 1807 2521 de
1833 2471 1936 2547 opero
1963 2455 2025 2522 tuo
2055 2448 2224 2524 iudicium

599 2555 603 2564 ⁴
705 2569 764 2642 vix
788 2569 906 2642 minus
928 2572 1069 2665 gratum
1092 2562 1158 2637 tibi
1183 2587 1259 2637 esse
1287 2572 1418 2663 potest,
1443 2589 1549 2665 quam
1575 2565 1736 2641 v‘iotoriae
1760 2591 1868 2666 quam
1890 2568 2107 2667 reportavisti
2125 2593 2224 2668 prae·

705 2688 835 2775 mium,
862 2684 956 2784 quod
981 2685 1046 2757 enl
1071 2681 1138 2755 tibi
1161 2683 1271 2758 trado.

755 2807 887 2904 Perge,
914 2801 1139 2876 Nobilissime
1166 2801 1326 2877 Iuvenis!
1352 2812 1496 2879 naturae
1522 2829 1634 2879 mores
1658 2804 1850 2904 perdiscere
1870 2806 1991 2882 eodem
2015 2831 2129 2882 severo
2148 2814 2223 2880 stu·

705 2925 782 3014 dio,
819 2923 939 2999 eadem
974 2921 1061 2996 virili
1094 2921 1288 2997 constantia
1323 2930 1359 2997 et
1390 2923 1612 3012 assiduitate,
1649 2924 1749 3000 ouius
1782 2931 1855 3000 tam
1886 2927 2067 3027 egregium
2096 2927 2224 3002 dedisti

706 3067 890 3142 specimen.

754 3404 909 3503 Agnovit
944 3401 1063 3490 Ordo,
1101 3402 1329 3478 Omatissime
1365 3425 1438 3477 vsu
1471 3428 1546 3478 ιιιιιι
1573 3403 1672 3478 Vsu!
1710 3404 1780 3480 vim
1802 3405 1935 3505 ingenii
1956 3413 1992 3482 et
2016 3407 2224 3498 industriae,

704 3547 810 3622 quam
832 3523 1077 3598 oommontatio
1101 3531 1161 3598 tua
1188 3522 1406 3621 prodiderat,
1436 3524 1578 3622 agnont
1602 3524 1722 3599 ordine
1749 3525 1924 3602 luculento
1950 3536 1985 3604 et
2010 3529 2163 3605 doctrina
2185 3555 2224 3603 se

702 3643 941 3718 oommendare
973 3649 1008 3716 et
1032 3641 1227 3741 praemium
1251 3643 1388 3742 regium
1412 3643 1477 3718 tibi
1501 3643 1661 3720 decrevit.

753 3763 861 3834 Grato
895 3762 1042 3860 fungor,
1076 3762 1163 3836 mihi
1197 3762 1314 3838 oredel
1350 3763 1482 3852 officio,
1516 3789 1640 3864 operae
1675 3772 1775 3856 tuae,
1809 3767 1935 3844 laboris
1967 3777 2004 3846 et
2034 3769 2224 3847 industriae

705 3879 835 3979 optime
861 3879 990 3953 merito
1010 3882 1162 3979 praemio
1186 3907 1298 3981 quum
1317 3890 1354 3957 te
1376 3909 1545 3960 cononem.
1644 3897 1650 3904 ’

755 4000 837 4074 Non
873 4024 967 4098 opus.
1000 4006 1053 4073 est
1093 4007 1134 4074 ιιι
1170 4001 1320 4099 graviter
1342 4009 1391 4075 -et
1422 4003 1556 4078 fortiter
1585 4005 1756 4082 nitentem
1790 4007 1974 4085 incitemus
2008 4011 2150 4110 insuper
2188 4019 2223 4084 et

709 4118 937 4194 stimulemur.

755 4238 885 4314 Iisdem
921 4246 956 4313 te
994 4240 1162 4340 compello
1199 4241 1331 4331 verbis,
1368 4267 1458 4343 quae
1493 4246 1736 4322 commentatio
1769 4254 1831 4324 tua
1858 4249 1895 4324 in
1918 4249 2028 4327 ιιοιιιθ
2056 4249 2222 4350 gerebat,

678 4365 863 4457 ‘quaeque
888 4364 1010 4458 politae
1035 4357 1134 4432 latini
1158 4383 1243 4434 usus
1259 4359 1381 4474 ‚verbis
1404 4360 1453 4436 ita
1477 4369 1591 4438 verto:

1150 4541 1284 4603 ιιιιιιιιιιι
1302 4542 1349 4604 ria
1370 4548 1427 4618 est,
1447 4565 1502 4626 qua
1520 4565 1566 4607 me
1585 4567 1693 4628 quoque
1712 4549 1817 4628 possim

1065 4643 1175 4705 Tollere
1194 4643 1295 4721 humo,
1316 4646 1457 4727 victorque
1478 4647 1567 4710 sirum
1587 4650 1701 4712 volitur
1721 4671 1770 4734 per
1789 4673 1847 4716 ora.

1327 4903 1599 4918 ψ
