4892 6184
709 673 774 740 111
1178 667 1214 734 a.
1249 667 1287 732 11.
1324 651 1495 733 1111111
1539 658 1760 728 enarro.

756 876 806 949 ΙΙ.
857 875 1055 953 Quamnam
1089 869 1375 968 significationem
1401 871 1597 946 tribuerunt
1621 871 1824 944 Geometrae
1849 865 2053 942 recentiores
2081 869 2214 966 quanti-

707 996 862 1083 tatibus,
888 1018 977 1092 quae
1001 989 1181 1077 dicuntur,
1206 987 1420 1087 imaginariis
1446 990 1481 1064 in
1507 989 1723 1116 Geometria,
1749 995 1784 1062 et
1808 1012 1878 1086 quo
1902 987 2003 1062 iure?

757 1233 887 1306 Videor
908 1229 994 1304 mihi
1017 1229 1085 1304 iam
1110 1228 1225 1301 videre
1249 1227 1339 1301 inter
1364 1251 1442 1316 vos,
1476 1230 1537 1326 qui
1560 1228 1704 1302 honesto
1729 1227 1919 1326 decoroque
1942 1227 2079 1300 honoris
2105 1226 2219 1300 studio

707 1354 912 1452 flagrantes,
937 1349 1057 1424 audita
1073 1347 1138 1422 hac
1157 1346 1257 1420 illave
1280 1347 1480 1444 quaestione
1502 1348 1665 1422 continuo
1690 1346 1872 1422 consilium
1897 1343 2067 1444 ceperint,
2090 1345 2219 1443 ingenii

706 1473 761 1546 sui
791 1471 880 1545 vires
908 1467 1133 1568 periclitandi.
1183 1464 1290 1563 Agite
1320 1491 1398 1554 vos,
1432 1466 1712 1542 commilitones!
1747 1463 1919 1541 laudabile
1949 1464 2016 1539 hoc
2039 1464 2220 1540 consilium

540 1675 563 1690 ..
706 1599 846 1666 strenue
868 1586 1144 1688 persequamini,
1168 1608 1232 1658 nec
1257 1585 1408 1683 palmam
1433 1587 1529 1661 vobis
1554 1587 1598 1661 ab
1621 1586 1709 1661 alius
1725 1585 1949 1672 Academiae,
1975 1585 2028 1658 vel
2050 1585 2221 1660 Athenaei

705 1712 839 1787 civibus
865 1708 1013 1808 praeripi
1036 1703 1226 1806 patiamini.

757 1949 897 2037 Restat,
932 1955 973 2022 ut
1002 1947 1159 2021 Rectoris
1191 1946 1368 2044 magnifici
1392 1971 1521 2020 munus
1546 1946 1735 2044 deponam,
1760 1970 1800 2020 ac
1823 1943 2017 2019 Successori
2042 1942 2222 2042 designato

708 2069 852 2143 tradam.
904 2070 1029 2167 Itaque
1058 2092 1100 2142 111
1136 2065 1245 2164 Regia
1276 2065 1515 2164 augustissimi
1548 2065 1684 2140 decreto
1724 2073 1776 2154 te,
1814 2067 1952 2139 11101111
1984 2086 2059 2137 vau
2091 2063 2220 2136 Hane!

704 2189 742 2261 in
778 2188 976 2285 proximum
1001 2211 1131 2262 anuum
1156 2185 1336 2259 Rectorem
1359 2186 1565 2283 mapnrfieam
1588 2184 1684 2271 dico,
1716 2183 1896 2272 renuntio,
1920 2183 2102 2281 proclamo.
2154 2185 2221 2256 Ac-

704 2306 805 2380 cedas
829 2307 956 2405 igitur,
980 2304 1045 2378 Vir
1067 2305 1283 2379 Clarissima!
1310 2304 1494 2402 locumque
1513 2328 1676 2402 occupes,
1703 2329 1808 2403 quem
1832 2303 1897 2378 tibi
1918 2305 2223 2406 1111111111.-

704 2425 803 2498 Salve
833 2425 925 2512 iam,
961 2424 1145 2523 magnifice
1168 2424 1315 2498 Rectorl
1353 2424 1549 2522 iterumque
1588 2424 1688 2498 11111.
1741 2424 1924 2522 Quidquid
1959 2423 1995 2498 11
2023 2422 2162 2498 honoris
2189 2421 2223 2493 et

703 2545 815 2619 oneris
837 2544 965 2618 habeat
986 2544 1194 2618 Academiae
1219 2542 1463 2639 magistratus,
1489 2567 1530 2616 10
1554 2543 1731 2616 lubentius
1755 2543 1791 2614 in
1815 2549 1849 2615 te
1871 2543 2030 2630 devolvo,
2056 2569 2126 2642 quo
2149 2567 2222 2618 ccr-

703 2665 774 2738 tius
810 2663 897 2736 mihi
926 2662 1103 2760 persuasi,
1138 2667 1215 2734 tuto
1248 2659 1314 2733 tibi
1338 2661 1515 2748 mandari,
1546 2661 1640 2758 quod
1662 2667 1754 2734 recte
1777 2667 1936 2735 curatum
1960 2661 2115 2741 velimus.
2168 2664 2225 2736 Sit

703 2782 769 2855 tibi
803 2780 964 2854 valetudo
991 2787 1203 2879 opportuna,
1239 2786 1279 2852 ut
1300 2803 1444 2854 munere
1466 2787 1527 2854 tuo
1552 2778 1653 2878 fungi
1676 2775 1889 2877 passiacum
1914 2781 2107 2879 voluptate!
2143 2785 2224 2858 Au·

702 2907 826 2997 geatur
847 2898 986 2974 Civium
1011 2897 1284 2973 academicorum
1307 2902 1490 2974 numerusl
1533 2898 1788 2974 Commendent
1810 2924 1846 2974 se
1871 2900 1999 3000 singuli
2024 2901 2225 2978 studiorum

703 3017 924 3106 assiduitme,
954 3017 1142 3106 modestis,
1167 3018 1405 3109 humanitate,
1430 3019 1618 3118 probitate,
1646 3019 1851 3118 floreatque,
1877 3027 1911 3094 te
1940 3021 2104 3110 Rectore,
2129 3023 2223 3096 Aca·

703 3139 818 3213 demia
852 3138 1203 3213 Rheno-traiectae!
1239 3135 1289 3194 ὲ-
1324 3139 1393 3213 His
1420 3147 1461 3214 tu
1482 3140 1571 3214 votis
1591 3139 1820 3240 precibusque
1845 3166 1996 3231 annuas,
2021 3143 2123 3216 Pater
2142 3167 2220 3217 101-

693 3259 817 3333 ¹lestis!
852 3259 991 3334 Gratias
1019 3258 1100 3332 'libi
1123 3259 1278 3357 agimus,
1311 3283 1398 3357 quas
1418 3284 1621 3359 possumus,
1647 3261 1815 3336 maximas
1839 3286 1901 3360 pro
1921 3260 2116 3350 beneficiis,
2140 3262 2221 3360 qui-

701 3379 768 3478 bus
798 3380 834 3453 rit
862 3404 926 3454 nos
957 3403 1095 3466 omnes,
1130 3379 1166 3467 61
1192 3381 1394 3468 Rectorem,
1420 3404 1563 3456 munere
1591 3406 1654 3455 suo
1678 3381 1748 3455 iam
1774 3381 1995 3469 defunctum,
2020 3381 2218 3456 cumulasti.

702 3500 756 3573 Tu
781 3500 847 3574 1111
869 3522 1009 3598 quoque
1034 3521 1124 3573 anno
1146 3499 1342 3573 academico
1367 3499 1479 3574 salvos
1499 3524 1561 3574 noa
1586 3525 1697 3575 serves
1724 3510 1759 3575 et
1783 3501 1990 3576 incolumes!
2033 3502 2086 3574 Tu
2119 3503 2221 3574 tenui

701 3619 899 3694 valetudine
928 3627 1067 3695 utentes
1102 3620 1303 3706 confirmes,
1337 3617 1587 3717 Seniorumque
1616 3620 1764 3719 corporis
1786 3630 1821 3695 11
1841 3620 1947 3696 animi
1969 3620 2055 3695 vires
2081 3627 2218 3694 susten-

701 3741 771 3812 tes!
808 3740 852 3813 In
872 3740 928 3824 wc
962 3740 1125 3816 fiduciam
1154 3748 1309 3816 nostram
1339 3738 1538 3839 reponimus
1562 3763 1691 3816 omnes.
1742 3740 1823 3817 libi
1849 3741 2007 3830 sitlans,
2033 3747 2067 3814 11
2090 3739 2216 3826 honos,

701 3864 737 3930 et
760 3857 888 3954 gloria!
1639 3863 1642 3868 ’
