4892 6184
724 704 790 770 304
1317 704 1352 769 ll.
1387 702 1416 767 J.
1451 700 1636 779 lllllllb,

776 910 974 986 clarissime
1008 910 1197 996 Boascsa,
1233 906 1333 983 cuius
1366 906 1560 1009 provinciae
1597 906 1634 982 in
1667 904 1793 982 illustri
1825 906 1889 982 hac
1921 909 2038 985 schola
2072 912 2228 1001 succedo,
2289 998 2291 1009 Ι

724 1031 837 1107 multa
857 1038 941 1104 sunt
964 1026 1215 1115 dimociabilia,
1240 1052 1331 1127 quae
1353 1028 1391 1103 in
1414 1029 1532 1104 medio
1551 1028 1664 1128 posita
1682 1036 1720 1103 te
1738 1051 1865 1126 meque
1882 1038 2063 1127 separant,
2088 1055 2228 1129 quorum

723 1148 869 1225 sufficiet
889 1150 921 1223 si
941 1172 1053 1223 unum
1072 1153 1212 1223 tantam
1238 1146 1437 1235 nominare,
1469 1146 1629 1223 videlieet
1648 1154 1684 1221 tc
1707 1170 1769 1246 per
1790 1146 1943 1246 spatium
1964 1148 2077 1223 multo
2099 1150 2229 1248 longius

722 1268 817 1343 hisee
842 1266 967 1365 studiis
990 1266 1199 1367 praefuisse,
1235 1290 1341 1365 quam
1360 1266 1543 1365 parvulum
1566 1266 1631 1341 boc
1652 1266 1740 1341 ritae
1763 1290 1860 1342 meae
1883 1268 2094 1343 curriculum
2116 1278 2228 1346 exten·

722 1388 828 1463 ditur.
877 1388 928 1461 At
954 1395 991 1461 ts
1018 1386 1096 1461 ideo
1121 1410 1192 1461 non
1218 1386 1335 1463 minus
1359 1374 1564 1461 benevolum
1587 1410 1669 1485 erga
1692 1409 1757 1460 ma
1773 1388 1939 1486 cognovi,
1963 1395 1999 1461 et
2026 1388 2228 1487 aequissimo

722 1508 838 1582 animo
861 1506 951 1582 ferre
973 1505 1145 1595 intellexi,
1171 1506 1209 1579 si'
1225 1505 1312 1605 quid
1336 1508 1393 1584 ὢν
1415 1511 1504 1597 νέος
1527 1512 1599 1583 νέα
1624 1514 1766 1605 φρονῶ.

768 1626 839 1702 His
868 1626 962 1702 enim
990 1624 1186 1727 gaudemus
1211 1633 1248 1700 et
1272 1624 1505 1716 exsultamus,
1538 1626 1633 1725 quod
1657 1627 1799 1701 iuvenes
1826 1648 1948 1701 sumus
1977 1626 2229 1702 etiamnuncet

721 1746 863 1823 iuvenili
895 1745 1030 1846 vigore,
1066 1746 1117 1820 mi
1145 1747 1332 1835 Muenna,
1365 1746 1579 1822 celeberrimi
1606 1746 1714 1846 patris
1737 1744 2017 1821 coniunctissima
2039 1746 2227 1847 progenies.

719 1869 796 1941 Nos
832 1866 863 1942 si
894 1865 956 1965 qui
988 1865 1048 1941 alii
1077 1866 1142 1940 hoc
1174 1889 1361 1965 possumus
1392 1863 1551 1964 gloriari,
1586 1865 1680 1941 diem
1709 1864 1860 1940 cundem
1888 1864 1997 1940 fuisse
2024 1865 2176 1965 primum
2197 1874 2228 1939 et

720 2011 926 2087 congressus
956 1993 992 2061 et
1014 1986 1196 2061 amicitiae
1225 1978 1382 2073 nestrae,
1417 2007 1506 2083 quae
1530 1984 1600 2059 iam
1624 1986 1714 2059 bene
1738 1975 1896 2083 incepta,
1920 1987 2013 2062 bona
2036 1986 2177 2085 quaevis
2198 1996 2229 2061 et

720 2107 811 2182 laeta
831 2105 933 2181 nobis
955 2104 1150 2204 portendit,
1175 2129 1265 2204 quae
1289 2112 1330 2179 ut
1350 2104 1421 2179 cito
1442 2111 1516 2179 orta
1538 2112 1593 2213 est
1613 2112 1793 2205 tamquam
1817 2130 1861 2181 ex
1883 2106 2003 2183 innata
2018 2105 2229 2183 nobisanimi

720 2235 757 2299 et
777 2226 964 2301 effectuum
987 2224 1228 2300 simulitudine
1248 2233 1284 2299 et
1300 2223 1407 2299 veluti
1425 2248 1468 2299 ex
1483 2224 1631 2300 scintilla
1646 2226 1797 2323 quadam
1812 2225 2036 2314 Promethea,
2061 2226 2112 2301 ita
2126 2226 2228 2301 valida

719 2346 790 2421 iam
819 2352 855 2419 et
882 2346 1005 2433 firma,
1037 2368 1102 2419 nec
1126 2345 1196 2420 cito
1218 2344 1372 2443 peritura
1396 2349 1466 2419 stat
1484 2351 1520 2418 et
1548 2343 1703 2441 quotidie
1725 2345 1836 2444 magis
1857 2353 2047 2445 utrumque
2068 2345 2228 2443 compleo·

719 2466 824 2553 titur3
841 2463 974 2564 'neque
1005 2472 1045 2538 tu
1076 2463 1220 2552 melius,
1253 2464 1385 2562 opinor,
1409 2464 1582 2565 intelliges
1602 2488 1672 2564 quo
1696 2472 1731 2539 te
1752 2464 1826 2539 loco
1849 2488 1914 2564 ego
1936 2464 2106 2552 habeam,
2131 2488 2231 2564 quam

719 2586 750 2660 si
778 2595 814 2659 ta
844 2585 919 2685 ipse
947 2584 1139 2683 interroges
1163 2584 1412 2683 indagaturus,
1444 2584 1556 2683 qualis
1579 2608 1645 2683 ego
1668 2582 1819 2659 vicissim
1845 2584 1912 2659 tibi
1932 2586 2000 2659 iam
2024 2584 2138 2659 factus
2160 2584 2230 2663 sim.

719 2704 828 2784 Quod
858 2713 975 2779 tamea
1009 2704 1060 2779 ita
1089 2704 1232 2779 demum
1267 2727 1343 2779 vere
1373 2704 1562 2779 sentiemus
1591 2710 1812 2804 reputantes,
1837 2728 1943 2804 quam
1968 2705 2111 2779 mirifice
2137 2729 2230 2779 casus

715 2834 755 2898 et
778 2826 903 2900 horum
930 2824 1080 2899 virorum
1105 2823 1270 2924 suffragia
1292 2847 1357 2899 nos
1380 2824 1641 2913 coniunxerint,
1675 2831 1716 2899 ut
1740 2833 1776 2898 et
1798 2849 1888 2924 qnae
1908 2825 2108 2900 eommunia
2132 2824 2229 2898 baba·

721 2968 820 3031 mas,
854 2943 1013 3018 iuvenilis
1041 2942 1258 3018 vehementia
1283 2951 1318 3017 et
1344 2968 1441 3019 amor
1464 2944 1679 3033 studiorum,
1704 2944 1833 3020 amieos
1855 2968 1919 3020 nos
1943 2926 2176 3031 reddiderint,
2200 2952 2231 3017 et

722 3061 806 3137 varii
826 3061 958 3161 ingenii
980 3060 1246 3158 studiommque
1270 3063 1454 3137 discrimen
1477 3072 1575 3139 tuam
1600 3062 1686 3138 mibi
1709 3063 1995 3140 consuetudinem
2018 3064 2232 3139 utilissimam

722 3182 826 3256 simul
856 3190 893 3255 et
928 3180 1167 3255 suavissimam
1196 3180 1344 3271 faciant,
1381 3206 1445 3257 nec
1479 3206 1594 3259 meam
1625 3182 1708 3271 tibi,
1743 3184 1837 3281 quod
1867 3182 2106 3259 indubitanter
2123 3183 2231 3271 addo,

720 3302 863 3377 omnino
886 3299 1125 3376 iniucundum.
1177 3300 1272 3376 Illud
1295 3301 1401 3376 etism
1422 3290 1606 3377 commime
1627 3302 1814 3392 babemus,
1840 3304 1935 3401 quod
1957 3303 2091 3401 utrique
2110 3302 2227 3377 dome·

722 3421 849 3496 sticum
870 3420 916 3495 sit
938 3419 1137 3519 exemplum
1162 3418 1337 3496 doctrinae
1362 3420 1520 3497 simulet
1540 3422 1702 3497 indefessi
1725 3421 1871 3512 laboris,
1895 3446 1959 3497 nec
1981 3424 2012 3497 si
2033 3421 2136 3521 patris
2161 3422 2230 3508 tui,
2315 3460 2317 3463 ·

722 3540 852 3615 summi
880 3523 963 3628 viii,
995 3538 1089 3614 fama
1115 3538 1205 3613 bene
1235 3548 1335 3639 parta
1354 3540 1400 3615 ad
1422 3550 1556 3617 exteras
1575 3542 1731 3618 nationes
1753 3532 2042 3643 splendidissima
2057 3542 2228 3640 persenit,

621 3701 627 3709 1
720 3658 771 3735 nil
795 3684 851 3733 me
874 3659 980 3733 etiam
1005 3658 1180 3757 poeniteat
1204 3662 1329 3735 sanum
1354 3660 1462 3758 patris
1485 3660 1601 3737 huius.

693 3876 695 3880 ι
771 3778 1041 3875 Gymnasiorum
1074 3778 1250 3867 doctores,
1287 3778 1483 3877 nuperrime
1518 3780 1667 3880 collegae
1703 3780 1902 3855 etiamnunc
1937 3780 2231 3868 coniunctissimi,

725 3918 785 3967 vos
809 3894 920 3969 laetus
945 3896 1066 3972 adesse
1090 3897 1177 3971 mihi
1199 3898 1257 3973 hic
1281 3898 1398 3986 video,
1430 3922 1489 3973 eos
1510 3900 1730 3998 praesertim,
1754 3907 1926 3998 quotquot
1948 3900 2088 3975 aliunde
2111 3925 2229 3979 eonve-

622 4108 630 4125 .
724 4012 845 4102 nistis,
879 4038 899 4087 e
931 4014 1072 4111 quibus·
1093 4024 1211 4091 tamen
1245 4018 1402 4092 desidero
1436 4017 1531 4093 haud
1564 4018 1613 4093 ita
1637 4008 1785 4107 multos,
1815 4044 1874 4095 eos
1897 4028 2033 4109 tamen,
2062 4046 2124 4120 per
2148 4046 2232 4120 quos

726 4130 870 4207 dimidia
899 4133 987 4208 mihi
1014 4158 1094 4232 pars
1131 4134 1280 4211 laetitiae
1309 4136 1493 4212 hodiernae
1519 4138 1618 4237 perit.
1668 4138 1856 4213 Vobiscum
1885 4164 2030 4240 magua,
2055 4166 2135 4215 cum
2162 4141 2232 4241 ple·

725 4251 842 4351 risque
865 4253 1106 4351 praesentibus
1127 4279 1246 4331 recens
1269 4258 1424 4335 sedium
1445 4258 1565 4345 firma,
1589 4282 1669 4333 cum
1693 4257 1787 4333 baud
1809 4260 1929 4358 paucis
1952 4258 2121 4336 diutinus
2150 4260 2234 4335 mibi

725 4371 877 4447 amicitia
897 4378 970 4463 est,
995 4398 1106 4449 unum
1127 4376 1345 4477 alterumque
1367 4378 1473 4453 etiam
1492 4377 1725 4453 adversarium
1750 4380 1914 4479 cognovi,
1938 4381 2001 4455 sed
2022 4388 2182 4459 strenuos
2199 4388 2233 4455 et

623 4582 630 4600 ι
725 4490 845 4588 quales
868 4490 955 4565 mihi
980 4516 1115 4593 semper
1135 4475 1346 4573 adversados
1364 4509 1541 4596 optarem,
1566 4497 1603 4571 ni
1624 4492 1775 4573 licuisset
1796 4498 1935 4573 eosdem
1957 4500 2086 4575 amicos
2110 4499 2231 4574 videre

726 4610 777 4683 Ut
807 4616 926 4686 autem
954 4610 992 4685 hi
1021 4638 1162 4714 quoque
1193 4604 1407 4717 intelligant,
1437 4616 1524 4716 quid
1548 4617 1672 4707 velim,
1703 4627 1738 4693 et
1761 4617 1857 4718 quod
1877 4618 1985 4718 probe
2008 4619 2232 4718 perspicimus

726 4737 762 4803 et
793 4752 855 4804 vos
874 4736 911 4803 et
931 4753 1017 4830 ego,
1041 4732 1146 4809 verbo
1167 4759 1435 4811 commemorare
1459 4734 1584 4812 attinet
1607 4761 1712 4813 unam
1738 4738 1782 4812 de
1802 4739 1933 4827 causis,
1959 4763 2049 4838 quae
2069 4764 2133 4813 nos
2154 4762 2233 4813 con·

725 4848 896 4949 iungunt,
926 4857 963 4925 et
986 4850 1139 4929 indicare
1161 4854 1366 4955 palaestram
1388 4856 1635 4951 certaminum,
1661 4882 1750 4957 quae
1777 4856 1975 4958 significavi.
2025 4859 2122 4935 Iacet
2147 4857 2236 4933 eber

771 5196 783 5266 l
