4892 6184
670 731 674 738 -
769 624 772 627 ⁴
871 681 1150 751 onorio.
1703 684 1769 754 288

254 890 365 967 multe
400 890 485 967 item
516 890 725 991 eoeipiemus
756 896 792 966 et
823 889 1030 967 edoceamur
1056 889 1102 968 eb
1124 888 1257 979 isdem,
1290 912 1381 989 quee
1405 914 1506 991 porro
1528 890 1703 983 efficiunt,
1727 900 1769 967 ut

253 1018 415 1087 nuscetur
445 1010 648 1110 opinionum
678 1010 770 1087 inter
803 1010 971 1110 plurimos
1004 1009 1196 1087 similitudo
1232 1016 1268 1085 et
1302 1009 1497 1101 vinculum,
1533 1012 1607 1087 sine
1636 1009 1767 1112 quibus

253 1131 365 1207 multo
398 1130 504 1207 etiem
536 1129 802 1219 diversioribns,
832 1155 939 1230 quum
961 1154 1055 1205 nuno
1076 1130 1137 1219 fit,
1169 1129 1334 1206 doctrinis
1356 1137 1392 1207 et
1414 1132 1618 1207 oommentis
1640 1132 1764 1207 distre·

252 1250 422 1327 beremm.
481 1248 694 1351 Siquando
727 1248 887 1327 loturum
922 1259 993 1339 est,
1027 1250 1122 1349 quod
1151 1274 1289 1351 semper
1319 1250 1421 1327 viteri
1444 1276 1515 1327 nou
1543 1251 1691 1353 poterit,
1724 1260 1766 1327 ut

256 1370 416 1445 desinunt
439 1370 662 1469 antiquorum
685 1370 812 1469 pleoite
832 1369 887 1445 rel
908 1370 954 1445 ob
975 1369 1080 1471 ipsis,
1104 1370 1160 1445 vel
1181 1394 1244 1470 per
1265 1394 1324 1445 eos
1344 1370 1407 1469 qui
1427 1369 1510 1447 inde
1532 1371 1766 1472 decerpserint

253 1490 405 1568 denvetu
429 1514 599 1591 magnum
624 1488 663 1565 iu
695 1488 850 1565 humone
878 1488 1040 1565 societate
1068 1489 1183 1565 looum
1209 1488 1385 1578 obtinere,
1409 1490 1562 1567 multum
1584 1515 1700 1569 vereor
1721 1516 1766 1567 ne
1894 1569 1898 1577 ,

251 1610 334 1685 inde
356 1609 478 1685 tmbee
498 1609 655 1686 orientur
673 1616 711 1685 et
732 1608 922 1685 dieoordiee
941 1608 1226 1708 diversitatesque
1247 1606 1473 1706 opinionum,
1499 1634 1589 1708 quee
1605 1609 1661 1687 vel
1673 1636 1767 1687 nuno

253 1730 365 1805 veriee
397 1737 500 1819 eunt,
534 1728 596 1805 sed
622 1752 749 1827 megne
773 1752 817 1803 ex
837 1735 935 1827 perte
956 1727 1002 1803 eb
1025 1727 1149 1803 eedem
1171 1726 1304 1827 origine
1327 1727 1481 1826 pendent
1503 1728 1609 1833 etilo
1632 1731 1765 1830 eliqua·

252 1856 357 1927 tenus
392 1847 641 1923 oonsooisntur.
689 1846 721 1921 li
748 1841 874 1922 deinde
899 1846 1101 1947 scriptores,
1133 1870 1221 1945 quos
1245 1845 1351 1922 modo
1376 1847 1570 1938 nominavi,
1594 1848 1780 1925 eiusmodi-

254 1973 355 2055 sunt,
388 1974 430 2042 ut
455 1956 527 2067 legi
551 1971 785 2055 mererentur,
817 1966 954 2041 etiemei
977 1972 1102 2041 ennete
1124 1964 1201 2040 istie
1223 1964 1393 2041 oontrerie
1412 1963 1580 2057 luissent,
1607 1974 1648 2042 ιιι
1671 1990 1767 2045 nuno

252 2087 379 2163 ferent.
427 2084 504 2161 Nos
536 2084 651 2174 enim,
686 2084 782 2183 quod
814 2108 886 2160 uon
916 2083 1017 2161 leoils
1038 2083 1122 2183 quie
1145 2082 1311 2183 negabit,
1347 2083 1478 2184 ubique
1499 2084 1569 2161 lere
1591 2080 1768 2162 veteribus

254 2212 469 2307 praestemus
505 2204 668 2306 quidem,
704 2204 767 2279 sod
796 2203 848 2279 illi
881 2211 918 2279 et
949 2204 1101 2304 singuli,
1132 2210 1169 2279 et
1204 2201 1330 2278 Grueoi
1360 2203 1482 2279 saltem
1508 2204 1681 2293 universi,
1705 2229 1783 2304 pro·

254 2326 386 2401 viribus
419 2325 492 2401 suis
524 2322 626 2400 nobis
661 2323 765 2424 longe
798 2324 901 2424 plere
929 2323 1081 2403 effeoere.
1131 2323 1321 2422 comperet
1346 2321 1472 2421 uliquis
1497 2322 1602 2399 rudes
1625 2322 1710 2399 istus
1733 2332 1769 2399 et
1839 2420 1841 2425 ι

254 2444 419 2520 informes
450 2452 527 2519 tum
556 2442 735 2531 eosne,
758 2449 837 2519 tum
859 2442 986 2543 pleoitu
1008 2442 1146 2520 Solonei
1173 2440 1339 2542 temporis
1365 2464 1446 2518 oum
1469 2443 1644 2518 anome
1666 2466 1766 2533 eevo,

254 2588 334 2641 oum
355 2564 735 2653 emmennone,
760 2568 797 2639 et
819 2563 967 2639 ultorum
986 2561 1074 2637 mibi
1094 2560 1221 2638 excitet
1240 2562 1430 2661 populum,
1453 2562 1511 2638 oui
1527 2546 1666 2638 ¹tentillo
1679 2567 1768 2638 tem-

253 2682 348 2783 porie
381 2683 493 2783 spatio
530 2689 583 2759 tot
615 2688 782 2782 tenteque
812 2707 925 2784 genus
959 2682 1153 2759 humanum
1180 2680 1359 2771 debuerit,
1392 2681 1422 2757 si
1447 2682 1609 2782 quidem,
1639 2690 1681 2759 ιιι
1707 2707 1770 2783 per

254 2810 330 2892 eet,
354 2802 400 2878 de
425 2802 494 2879 illis
517 2803 642 2880 eeltem
666 2802 818 2904 profanis
838 2803 1040 2903 loquemur,
1064 2808 1101 2877 et
1119 2801 1165 2878 de
1182 2799 1429 2901 religionibus,
1453 2808 1575 2901 utpote
1597 2800 1643 2877 eb
1665 2825 1769 2901 ergu-

255 2928 375 2997 mento
403 2926 521 2998 nostro
555 2922 697 3013 olienis,
727 2921 873 2999 verbum
896 2922 1033 2998 nullum
1060 2921 1240 2999 tumemus.
1288 2921 1772 3021 eleemosinarum

253 3040 389 3116 nedoni
418 3041 608 3130 debemus,
638 3041 682 3116 iis
710 3041 782 3117 lere
805 3039 892 3139 ipsis
912 3039 1100 3128 debentur,
1132 3061 1284 3137 quorum
1306 3036 1350 3111 de
1372 3035 1508 3135 seriptis
1529 3037 1686 3137 egimus,
1711 3038 1772 3114 de·

257 3160 385 3236 beetur
401 3160 476 3237 sins
494 3158 1058 3260 dubioDnnosrnnnrpermulte,
1082 3164 1124 3234 ut
1140 3157 1380 3233 Romanorum
1400 3154 1568 3234 beneficis
1586 3157 1770 3247 Oeneum,

255 3277 321 3353 etsi
346 3285 472 3354 neuter
497 3277 651 3379 potuerit
670 3278 710 3355 id
735 3279 887 3371 efficere,
915 3278 974 3353 oui
994 3282 1076 3353 ente
1093 3275 1211 3351 omniu
1230 3298 1372 3375 opernm
1396 3274 1511 3365 dedit,
1535 3299 1601 3351 neo
1624 3277 1770 3353 minime

255 3422 335 3498 pers
367 3397 414 3475 ed
445 3406 577 3473 ceteros
610 3399 744 3475 recidit.
791 3398 846 3471 Ee
878 3405 996 3470 eutem
1026 3419 1116 3494 quse
1145 3394 1254 3469 sunt?
1295 3394 1410 3468 Immo
1432 3416 1511 3468 vero
1527 3394 1662 3471 unioee
1688 3394 1768 3469 illue

258 3516 489 3592 exsultiorum
511 3516 691 3591 civitotum
712 3512 1001 3601 ooneooietiones,
1023 3535 1173 3611 querum
1193 3510 1241 3587 ed
1264 3534 1328 3585 noe
1351 3534 1431 3609 pers
1454 3517 1648 3590 memoratu
1662 3512 1770 3614 digne

256 3634 432 3734 pervenit,
466 3641 503 3710 et
537 3634 622 3711 sede
653 3634 788 3733 empln,
820 3639 862 3708 ut
881 3632 964 3709 inde
986 3631 1139 3733 potuerit
1160 3629 1387 3732 posteriorum
1410 3633 1610 3710 communio
1636 3633 1768 3734 ulique·

255 3762 360 3829 tenus
390 3751 596 3841 sustentari,
626 3750 752 3827 deinde
780 3749 972 3826 litterarum
995 3749 1091 3840 lam,
1115 3774 1205 3848 quus
1227 3774 1290 3849 per
1311 3756 1365 3825 tot
1388 3750 1523 3828 eesoule
1545 3753 1768 3852 praestantis·

258 3872 347 3948 sime
372 3870 532 3946 omnium
555 3870 727 3947 scribendi
748 3868 926 3970 exemplu,
953 3892 1067 3969 neque
1088 3868 1288 3945 etiemnuue
1310 3870 1562 3948 oontemnende
1587 3873 1771 3973 presbnit,

258 3999 294 4068 et
330 3990 399 4090 ipsi
434 4014 628 4081 sermones,
661 3990 762 4067 veliis
793 3987 995 4065 nominibus
1020 3988 1170 4090 egregii,
1201 4013 1264 4089 per
1287 4013 1375 4088 quos
1400 3990 1589 4069 multorum
1610 3994 1770 4094 gentium

257 4109 464 4187 eonsooietio
487 4110 625 4187 dudum
649 4109 782 4187 exstitit
797 4108 949 4186 necdum
967 4108 1064 4185 omni
1076 4133 1120 4185 ex
1133 4117 1231 4209 purte
1245 4118 1299 4187 est
1314 4111 1470 4202 sublate,
1494 4136 1595 4214 porro
1611 4117 1769 4216 exemplu

257 4231 489 4330 regendorum
527 4230 730 4321 eivitetum,
766 4229 913 4307 humilio
945 4228 1088 4329 quidem
1122 4254 1165 4306 ee
1197 4236 1234 4306 et
1261 4230 1419 4307 minime
1448 4229 1628 4323 obsolute,
1664 4232 1769 4311 siud

257 4357 412 4427 nostrum
443 4374 601 4427 normem
634 4351 850 4449 modumque
882 4348 1089 4451 exiguntur,
1123 4350 1186 4425 sed
1220 4350 1470 4450 oomporondoe
1506 4356 1644 4442 nmen,
1683 4351 1770 4451 quin

257 4469 365 4545 immo
394 4470 515 4546 moltis
544 4470 600 4545 rel
628 4470 666 4545 in
696 4470 837 4570 Europe
860 4467 1032 4569 hodieque
1057 4468 1256 4570 vigentibus
1283 4469 1542 4569 enteponends3
1567 4469 1714 4561 deinde,
1739 4472 1770 4545 si

258 4585 474 4686 singulorum
507 4586 674 4664 beneficis
706 4588 949 4687 exquiramus,
984 4588 1125 4665 Greeoie
1155 4586 1322 4678 debetur,
1357 4588 1451 4689 quod
1478 4589 1574 4667 nulle
1602 4614 1769 4691 umquem

258 4730 345 4806 gens
375 4731 420 4783 ex
452 4706 677 4808 oompmubili
706 4715 805 4809 perte
834 4706 1024 4807 promovit,
1055 4707 1184 4785 ortium
1211 4708 1370 4785 studium
1389 4716 1425 4801 et
1446 4707 1545 4785 initio
1565 4709 1636 4787 iem
1658 4712 1771 4811 megis

259 4850 365 4927 quom
398 4826 468 4907 diei
495 4827 796 4929 potest-pulchre,
823 4827 993 4906 Romenie
1014 4834 1133 4907 numm
1151 4825 1237 4907 iuris
1257 4835 1462 4930 preeeepte,
1492 4853 1582 4927 quee
1604 4827 1772 4907 miremur
1919 4880 1926 4885 -

1459 4947 1537 5024 36*
