4892 6184
633 713 697 783 136
1210 715 1580 785 B.mrrxxlt

680 923 736 1013 Si,
763 923 856 999 bisce
892 922 1097 1010 enucleatis,
1129 923 1213 998 satis
1244 921 1385 1000 'constat
1407 926 1451 1000 de
1473 922 1680 1022 Theologiae
1704 921 1847 996 Moralis
1873 919 1988 994 studio
2013 921 2058 995 ad
2081 919 2151 993 Hi-

631 1044 773 1118 storiam
800 1041 1076 1118 Eeclesiastieam
1105 1041 1196 1117 bene
1230 1045 1447 1122 tractandam
1477 1052 1583 1144 atque
1607 1041 1840 1117 adhibendam
1870 1066 1939 1116 usu
1971 1048 2007 1114 et
2031 1032 2151 1116 tructi-

630 1162 698 1236 bus
721 1146 771 1218 -ἷ-
798 1185 896 1260 spem
925 1185 1009 1260 prae
1032 1186 1090 1235 me
1114 1163 1202 1236 ferre
1226 1162 1323 1251 licet,
1346 1164 1397 1237 Al
1424 1164 1473 1237 Al
1504 1163 1577 1238 lore
1607 1169 1647 1235 ut
1671 1185 1730 1234 vos
1755 1169 1790 1234 et
1809 1184 1902 1235 nune
1924 1159 2151 1234 assentientes

580 1380 583 1384 A
630 1281 779 1357 habeam
801 1305 999 1356 asseverans
1025 1289 1131 1382 atque
1157 1283 1289 1358 efficere
1312 1306 1456 1357 conans:
1497 1281 1693 1356 vHistoriae
1713 1281 1971 1360 Ecclesiasticae
1993 1280 2151 1368 studium

630 1402 676 1476 ad
709 1401 901 1476 doctrinam
936 1426 1074 1476 morum
1103 1402 1193 1478 bene
1223 1403 1463 1503 explicandam
1493 1411 1529 1477 et
1557 1403 1623 1477 rite
1658 1401 1907 1478 aestimandam
1935 1426 2010 1475 esse
2037 1403 2147 1476 effica-

628 1521 843 1597 cissimum.''
888 1521 1046 1597 Profecto
1080 1531 1116 1596 et
1147 1523 1204 1598 hic
1236 1525 1319 1598 satis
1353 1526 1445 1600 latus
1476 1523 1557 1598 huic
1588 1521 1734 1598 orationi
1761 1547 1798 1596 se
1821 1521 1973 1596 ostendit
1993 1546 2146 1620 campus.

626 1643 682 1716 Ne
725 1650 841 1718 tamma
880 1636 929 1716 in'
956 1643 1016 1716 illo
1055 1644 1297 1743 perlustrando
1343 1653 1456 1720 vestra
1487 1645 1695 1733 attentione,
1734 1641 1920 1742 benignius
1951 1640 2038 1715 mibi
2067 1665 2147 1715 eon·

626 1787 741 1851 cesse,
767 1761 866 1837 abuti
890 1761 1022 1850 videar,
1049 1762 1209 1838 brevitati
1236 1765 1395 1839 studebo.

676 1882 834 1970 Quanti,
860 1881 1055 1957 Historiam
1097 1884 1242 1981 simque
1285 1908 1391 1958 usum
1436 1892 1471 1958 et
1516 1884 1649 1958 fructus
1694 1883 1730 1956 iu
1773 1881 1987 1980 'theologicis
2030 1880 2148 1956 lecerit

626 2002 911 2091 Bouianum,
943 2026 1025 2077 cum
1058 2003 1171 2078 omnis
1208 2003 1285 2078 eius
1317 2003 1494 2079 institutio
1524 2005 1654 2102 optime
1678 2003 1884 2091 declaravit,
1916 2011 1992 2076 tum
2015 2001 2087 2098 ipss
2110 2004 2148 2074 in

589 2111 596 2123 ’
628 2123 794 2198 Oratione
824 2122 900 2210 illa,
933 2147 1038 2220 quam
1077 2122 1259 2197 dimidiato
1296 2124 1432 2199 saeculo
1458 2123 1495 2197 in
1523 2125 1630 2198 finem
1654 2131 1816 2222 vergente
1841 2122 1983 2210 habuit,
2017 2146 2061 2195 ex
2083 2122 2148 2196 hac

627 2243 705 2341 ipsa
737 2231 912 2316 Cathed'ra
939 2241 1188 2345 elocutusest.
1226 2243 1439 2318 Meministis
1469 2243 1570 2318 illum
1600 2244 1775 2318 Historiae
1807 2243 2013 2343 dignitatem
2038 2243 2147 2316 vindi·

629 2369 769 2438 cantem
794 2371 900 2461 atque
921 2361 997 2436 eius
1021 2362 1312 2461 vituperatoribus
1332 2364 1386 2439 his
1410 2364 1617 2464 respondere
1639 2364 1771 2439 verbis:
1807 2365 1967 2451 vAudio,
2001 2376 2148 2462 atquae

444 2569 452 2584 ·
563 2482 566 2487 ’
626 2507 791 2581 reponam
824 2482 926 2580 plura
955 2482 1067 2556 habeo
1079 2515 1088 2573 3
1124 2507 1236 2559 unum
1268 2483 1356 2558 illud
1385 2508 1524 2583 rogero:
1558 2484 1690 2582 absque
1723 2485 1899 2560 Historiae
1927 2510 1992 2583 ope
2015 2485 2148 2559 nullam

627 2602 726 2677 facile
762 2601 980 2700 disciplinam
1012 2610 1104 2677 reete
1138 2601 1349 2702 pertractari.
1395 2603 1553 2678 Historia
1581 2603 1690 2678 fecem
1721 2603 1870 2702 praefert
1894 2604 2040 2704 siugulis
2066 2629 2149 2678 sane

625 2722 817 2823 disciplinis
842 2721 1077 2821 Theologieis5
1107 2723 1201 2799 illius
1223 2723 1293 2799 nisi
1316 2724 1484 2799 auxilium
1509 2724 1750 2823 imploremus,
1772 2724 1868 2810 nulla
1886 2724 1951 2798 rite
1973 2726 2150 2800 excolatur

626 2842 814 2941 Theologia
849 2867 927 2916 vere
951 2841 1113 2920 liberalis.
1162 2843 1262 2919 Haec
1282 2844 1434 2919 illustrat
1456 2869 1594 2919 omnem
1618 2843 1718 2917 illum
1743 2843 1862 2919 orbem
1887 2843 2150 2943 Theologieum.

624 2961 724 3037 Haec
757 2962 950 3038 cavendum
985 2963 1085 3038 docet
1121 2963 1167 3039 ab
1207 2964 1399 3053 erroribus,
1435 2963 1563 3063 quibus
1593 2963 1777 3062 indulgent
1804 2963 2077 3063 dogmatisantes
2112 2973 2149 3037 et

625 3082 908 3182 philosophantes
949 3084 1225 3184 contemplando.
1286 3084 1384 3159 Haeo
1427 3085 1464 3158 in
1501 3085 1630 3160 iustam
1661 3109 1724 3159 nos
1754 3085 1850 3159 ducit
1884 3083 1983 3159 viam.
2047 3085 2147 3160 Haec

624 3203 789 3278 hodierna
811 3211 846 3277 et
871 3204 989 3279 futura
1008 3229 1030 3279 a
1051 3202 1244 3303 praeteritis
1265 3203 1380 3278 divelli
1400 3228 1470 3278 non
1489 3229 1609 3303 posse,
1636 3206 1766 3304 quippe
1790 3231 1810 3281 e
1832 3205 2024 3280 seminibus
2046 3215 2147 3281 antea

625 3323 752 3421 sparsis
780 3323 914 3398 fructus
946 3349 1021 3413 esse
1054 3332 1164 3413 ortos,
1196 3349 1284 3422 quos
1315 3325 1417 3398 hodie
1448 3325 1772 3414 animadvertimus,
1803 3327 1890 3402 serio
1917 3329 2070 3400 monet.’'
2095 3372 2146 3388 -

628 3442 684 3517 Ita
713 3443 989 3519 Rorsxansrus.
1048 3445 1095 3519 Et
1135 3445 1231 3542 quod
1270 3443 1321 3518 vir
1358 3444 1415 3519 ills
1453 3444 1615 3544 egregius
1649 3445 1694 3519 de
1730 3445 1916 3546 Theologia
1951 3447 2145 3535 Historiae,

624 3586 668 3636 ex
701 3565 858 3639 omnuim
891 3588 1083 3652 consensu,
1119 3589 1226 3663 penes
1259 3589 1345 3663 quos
1378 3565 1443 3640 hae
1479 3565 1522 3639 de
1556 3591 1594 3640 re
1623 3566 1793 3641 iudicium
1826 3576 1898 3655 est,
1930 3593 2007 3642 vere
2036 3568 2144 3656 dixit,

625 3683 663 3755 id
697 3684 741 3758 ds
771 3684 949 3760 Historiae
985 3685 1022 3758 in
1059 3709 1196 3759 morum
1228 3683 1384 3759 doctrina
1415 3685 1618 3783 explicanda
1653 3694 1758 3785 atque
1791 3687 1995 3764 illustranda
2027 3687 2144 3762 multi·

625 3803 715 3902 plioe
747 3811 782 3877 et
814 3804 907 3878 vario
943 3829 1011 3879 usu
1043 3804 1218 3880 verissime
1250 3804 1439 3903 praedicari
1469 3831 1571 3904 posse
1601 3806 1762 3902 arbitron
1795 3814 1835 3882 ut
1855 3808 1937 3882 inde
1962 3816 2143 3906 appareat,

625 3921 801 4020 quomodo
829 3923 986 3996 notiones
1014 3916 1179 4013 morulae,
1209 3949 1298 4024 quae
1332 3925 1505 4000 humanae
1530 3935 1673 4003 naturae
1701 3928 1865 4003 divinitus
1890 3938 1972 4003 sunt
1992 3927 2143 4015 inditas,

625 4065 690 4140 pro
727 4029 819 4115 varia
859 4051 1056 4139 temporum
1093 4049 1129 4115 et
1170 4043 1378 4142 populorum
1421 4043 1537 4118 indole
1577 4069 1651 4120 sese
1686 4047 1924 4136 formaverint,
1958 4049 1994 4122 in
2030 4058 2143 4123 matu·

626 4160 765 4235 ritatem
811 4159 923 4259 magis
965 4161 1146 4260 magisque
1189 4161 1415 4252 adoleverint,
1456 4163 1564 4238 donec
1603 4165 1777 4263 religionis
1820 4168 2034 4244 Christianae
2076 4194 2144 4268 ops

623 4280 842 4380 perfectionis
889 4280 997 4355 veluti
1040 4282 1178 4356 culmen
1221 4283 1441 4382 attingerent.
1506 4283 1611 4361 Quod
1658 4311 1738 4360 cum
1783 4287 1872 4362 bene
1911 4292 2144 4390 perspicerent

624 4399 822 4502 Warrrns,
865 4401 1124 4490 Seuwaazros,
1164 4399 1241 4490 alii,
1281 4404 1318 4476 in
1359 4402 1423 4477 baa
1465 4401 1645 4500 disciplina
1685 4409 1888 4506 exponenda
1930 4412 2141 4488 Historieam

623 4521 825 4619 praesertim
855 4521 946 4596 viam
974 4528 1010 4596 et
1035 4522 1204 4597 rationem
1234 4546 1308 4595 esse
1333 4521 1521 4595 ineundam
1544 4523 1702 4621 exemplo
1726 4551 1789 4600 suo
1815 4529 2024 4628 probarunt,
2049 4533 2140 4607 aliis·

622 4663 691 4736 que
715 4640 1010 4716 commendarunt.
1796 4645 1820 4704 ι’

673 4756 737 4830 Uti
767 4766 885 4832 autem
916 4759 1060 4832 aliarum
1093 4759 1318 4859 Religionum
1349 4759 1500 4860 cognitio
1531 4764 1668 4865 egregie
1697 4793 1738 4842 eo
1762 4770 1868 4860 valet,
1902 4784 1943 4850 ut
1966 4779 2140 4875 praeclara

623 4877 806 4976 Euangelii
839 4875 972 4952 indoles
1003 4886 1039 4953 et
1072 4879 1175 4978 plane
1205 4880 1389 4980 singularis
1403 4893 1404 4898 ’
1420 4881 1637 4962 Christianae
1669 4887 1809 4965 Ethiees
1834 4875 2044 4991 praestantia
2068 4900 2139 4974 sole
