4892 6184
710 1587 918 1693 ACTA
967 1589 1041 1692 IN
1093 1588 1402 1693 SENATU

770 1877 785 1887 ’“
895 1878 953 1942 A⁰.
979 1879 1199 1944 1854-1855
1204 1927 1215 1958 ‚

619 2076 795 2199 ascum
818 2125 1043 2200 uunnnoo
1068 2127 1295 2202 ueauano
1319 2125 1495 2213 uuus,

416 2269 655 2343 Gasnnuuuo
680 2267 932 2342 LUDOVICO
957 2269 1259 2361 CHRISTIANO
1285 2292 1359 2342 vsu
1384 2265 1694 2342 GOUDOEVER.

296 2972 363 3047 Dic
388 2974 434 3047 28
467 2997 513 3046 m.
537 2973 666 3047 Martii.
716 2973 845 3048 Rector
877 2975 1089 3074 Magnificus
1126 2977 1344 3058 Gnnsanus
1365 2979 1556 3054 Ioununns
1595 2975 1761 3050 Munona
1795 3000 1816 3048 a

470 3093 601 3166 Senatu
623 3093 849 3192 Amplissimo
869 3093 905 3168 in
929 3095 1128 3170 cathedram
1152 3095 1299 3188 ductus,
1323 3099 1443 3174 habita
1465 3096 1617 3172 oratione
1643 3097 1819 3184 derebus,

468 3238 557 3311 quoe
581 3213 805 3302 Academiae,
828 3216 902 3311 ipso
925 3216 1090 3303 Rectore,
1116 3225 1297 3291 evenerunt
1309 3221 1485 3316 prosperis
1506 3226 1541 3292 et
1564 3219 1735 3302 adverae,
1760 3214 1819 3288 da-

469 3341 548 3406 tum
567 3330 635 3405 sibi
656 3356 886 3408 successorem
906 3334 1093 3432 proclamat
1117 3342 1153 3409 ct
1172 3336 1301 3410 salutat
1321 3336 1448 3411 Virum
1466 3337 1557 3410 Clar.
1570 3335 1618 3409 H.
1631 3336 1673 3409 E.
1686 3333 1820 3408 Vmuu.

300 3571 368 3643 Die
392 3573 438 3644 22
474 3595 521 3645 m.
547 3571 653 3647 Iunii.
704 3570 767 3645 Vir
793 3571 1024 3646 Doctissimus
1044 3573 1271 3646 Banusnuns
1295 3596 1366 3646 nun
1391 3573 1523 3659 Hane,
1548 3569 1666 3645 Theoi.
1694 3571 1757 3645 Dr.
1787 3578 1823 3643 et

473 3690 657 3788 Euangelii
684 3689 779 3789 apud
813 3691 1151 3765 Amstelodamenses
1182 3692 1378 3791 Interpres,
1413 3691 1560 3765 Decreto
1595 3690 1707 3790 Regio
1734 3690 1820 3765 du

443 3809 448 3814 ’
472 3833 518 3883 m.
537 3808 659 3883 Martii
678 3808 885 3906 Theologiae
904 3809 940 3882 in
961 3808 1025 3882 hac
1046 3810 1235 3884 Academia
1255 3811 1431 3886 Professor
1446 3809 1651 3884 Ordinarius
1668 3818 1821 3900 creatus,

476 3949 605 4000 munus
631 3926 829 4022 auspicatus
856 3937 925 4016 est,
949 3929 1069 4003 habita
1089 3930 1241 4004 oratioue
1265 3933 1308 4005 de
1334 3931 1498 4006 historiae
1521 3931 1767 4005 ecclesiasticae
1789 3940 1825 4005 et

476 4048 662 4146 theolopiae
682 4047 822 4120 moralis
840 4051 969 4136 studio,
995 4051 1049 4123 leia
1070 4053 1213 4123 mma
1233 4051 1349 4125 dicbus
1371 4059 1465 4125 arcte
1487 4053 1720 4149 cociuapendo.

155 4321 159 4324 ·
303 4285 370 4360 Die
398 4290 444 4359 19
477 4309 525 4359 m.
550 4284 644 4359 Iulii.
694 4284 878 4383 Legnmtur
896 4284 1033 4360 Literna
1053 4285 1260 4361 (iuratorum
1289 4285 1563 4372 deiculum,
1589 4285 1822 4382 quibuscum

477 4407 608 4479 Senatu
627 4404 902 4480 communicatur
926 4405 1008 4480 Viro
1029 4406 1119 4480 Clar.
1133 4408 1177 4480 G.
1190 4407 1221 4480 Ι.
1239 4407 1403 4480 Munuun
1425 4406 1573 4480 Decreto
1596 4405 1707 4503 Regio
1726 4404 1821 4478 scho-

475 4526 585 4599 larum
622 4524 860 4599 habendarum
896 4526 1109 4600 vacationem
1144 4525 1238 4612 dari,
1275 4534 1311 4598 et
1343 4525 1527 4599 Curatores
1561 4549 1624 4624 pro
1654 4532 1823 4624 potestate

473 4645 559 4742 ipsis
596 4644 718 4718 codem
751 4643 886 4717 decreto
915 4667 1076 4717 concessa
1100 4642 1275 4717 adiutores
1308 4642 1396 4716 Olor.
1420 4643 1601 4744 Munonm
1626 4643 1823 4742 designasse

474 4765 504 4837 Ι.
530 4765 574 4838 G.
602 4765 794 4852 Guunnna,
819 4763 983 4840 Ch'cmiae
1003 4763 1204 4850 Lectorem,
1241 4761 1281 4837 C.
1309 4760 1350 4836 L.
1377 4761 1631 4838 Vusnnnunuu
1655 4772 1691 4836 et
1711 4766 1756 4838 A.
1781 4764 1827 4837 C.

474 4883 691 4960 Ououusns.
1574 4973 1579 4982 ¹

1479 5002 1554 5075 16*
