4892 6184
641 685 704 754 132
1211 685 1589 754 B‚saaflhalt

604 914 614 941 ·
640 894 822 984 conderet,
845 918 933 993 quae
945 893 1020 968 iure
1032 893 1225 989 meritoque
1239 894 1403 992 Regnum
1416 893 1599 968 Goelorum
1614 891 1729 979 audit,
1747 915 1810 990 pro
1826 891 2043 991 singulariae
2057 895 2159 994 plane

641 1015 777 1102 divino,
807 1039 877 1114 quo
904 1012 1098 1086 humanum
1122 1036 1234 1110 genus
1257 1020 1310 1087 est
1333 1013 1513 1112 amplexus
1538 1038 1672 1100 amore,
1703 1012 1768 1087 hoc
1795 1013 1922 1087 morale
1943 1038 1982 1088 ac
2011 1015 2159 1090 subhme

640 1136 747 1209 fuisse
771 1132 951 1208 consihum
965 1165 983 1226 ε,
999 1139 1040 1205 ut
1065 1141 1207 1206 cunctos
1230 1132 1406 1221 homines,
1430 1141 1601 1232 quotquot
1621 1133 1689 1232 ipsi
1711 1157 1838 1208 nomen
1856 1133 1977 1208 darent
1994 1160 2034 1209 ac
2053 1135 2160 1211 fidem

639 1253 825 1339 haberent,
857 1261 968 1326 morte
1005 1277 1068 1326 sua
1097 1252 1269 1327 redemtos
1300 1261 1405 1350 atque
1429 1280 1450 1329 a
1475 1254 1650 1328 teterrimo
1672 1255 1846 1328 servitutis
1868 1253 1952 1352 iugo
1975 1253 2159 1343 hberatos‚

639 1373 684 1447 ad
717 1397 842 1447 novam
872 1381 1024 1448 mentem
1057 1373 1284 1472 animumque
1316 1374 1536 1461 informaret,
1573 1375 1609 1447 in
1642 1397 1756 1449 veram
1791 1373 2008 1460 hbertatem,
2036 1375 2073 1449 in
2103 1377 2160 1450 sui

637 1494 776 1592 Deique
809 1493 1072 1569 similitudinem
1102 1494 1281 1583 eveheret,
1311 1519 1438 1593 eosque
1460 1502 1619 1568 aeternae
1642 1495 1815 1594 felicitatis
1842 1494 2000 1568 redderet
2022 1496 2159 1593 partici-

637 1639 786 1713 pes-
816 1615 1026 1713 Quicunque
1059 1622 1177 1688 autem
1211 1614 1417 1714 Theologiae
1450 1615 1593 1690 Moralis
1629 1614 1737 1689 studii
1772 1638 1887 1688 amore
1919 1612 2078 1688 imbutus
2115 1615 2161 1690 ad

639 1733 833 1809 Historiam
859 1734 1135 1809 Ecclesiasticam
1161 1735 1320 1824 accedat,
1354 1735 1450 1810 haud
1475 1735 1582 1810 dubie
1606 1735 1644 1808 id
1670 1733 1840 1835 imprimis
1868 1741 1969 1833 aget,
2004 1743 2045 1809 ut
2071 1735 2160 1810 hene

638 1855 798 1954 indaget:
832 1863 1005 1954 quatenus
1030 1855 1182 1934 Societas
1205 1853 1402 1927 Christiana
1427 1878 1488 1953 per
1516 1853 1625 1928 varios
1652 1853 1849 1951 temporum
1875 1877 1976 1927 casus
1998 1879 2038 1928 ac
2061 1854 2159 1930 vicis'·

640 1973 810 2048 situdincs
829 1974 911 2049 huic
932 1974 1052 2049 morali
1071 1982 1107 2049 ct
1131 1973 1273 2062 sublimi
1290 1974 1376 2048 Isso
1402 1973 1544 2048 consilio
1570 1972 1780 2048 satisfecerit.
1831 1974 1879 2046 Et
1901 1997 1983 2046 sene
2006 1973 2160 2073 Religio·

641 2095 697 2169 nis
728 2095 944 2170 Christianae
966 2095 1131 2170 moralem
1157 2093 1231 2182 vel,
1258 2095 1288 2166 si
1313 2095 1385 2182 vis,
1414 2093 1601 2192 practicam
1621 2093 1773 2168 indolem
1794 2093 1890 2167 omni
1914 2092 1984 2167 sere
2008 2100 2160 2192 tempore

640 2215 860 2312 conspicuam
901 2215 1027 2302 fuisse,
1073 2214 1196 2289 saltem
1245 2239 1438 2313 numquam
1482 2240 1622 2313 prorsus
1661 2214 1839 2302 latuisse,·
1867 2213 2023 2288 Historia
2055 2221 2160 2301 teste,

640 2335 831 2433 eademque
858 2335 966 2422 duce,
1000 2335 1083 2409 satis
1103 2334 1297 2409 luculenter
1315 2333 1416 2408 nobis
1437 2334 1627 2434 apparebit.

686 2456 730 2528 In
761 2455 965 2530 memoriam
997 2464 1173 2543 revocate,
1203 2479 1352 2552 quaeso,
1384 2457 1429 2529 A.
1464 2457 1516 2530 A!
1544 2456 1649 2555 primi
1680 2454 1755 2530 aevi
1778 2454 1935 2529 Camsrr
1957 2461 2161 2540 sectatores,

565 2663 569 2671 ¹
637 2574 899 2662 afoedissima,
924 2601 1014 2675 quae
1040 2574 1171 2672 ubique
1192 2583 1363 2650 terrarum
1387 2576 1576 2662 invaserat,
1607 2598 1745 2649 morum
1770 2575 2011 2671 depravatione
2035 2577 2162 2649 immu-

638 2721 717 2783 nes,
757 2696 958 2783 sanctitate,
990 2695 1141 2769 fratemo
1177 2718 1311 2782 amore,
1349 2693 1444 2768 omni
1478 2695 1647 2768 virtutum
1681 2717 1818 2812 generex
1841 2696 2066 2793 conspicuos!
2117 2695 2165 2768 Et

638 2839 805 2914 quorsum
835 2815 953 2888 oculos
968 2814 1190 2889 convertatis
1219 2813 1451 2913 pulcherrima
1474 2813 1636 2914 pietatis,
1672 2813 1825 2900 virtutis,
1859 2815 2090 2901 constantiae,
2119 2839 2165 2888 ne

640 2933 823 3008 dirissimis
852 2933 995 3033 quidem
1021 2934 1197 3034 suppliciis
1224 2933 1351 3008 fractae
1386 2933 1440 3008 vel
1476 2931 1717 3023 labefactatae,
1754 2932 1848 3008 vohis
1872 2935 2046 3032 proposita
2068 2932 2163 3006 vide·

640 3053 724 3128 bitis
746 3054 913 3152 exempla.
965 3055 1065 3133 Quid
1087 3055 1360 3141 Ponrcaaronr,
1385 3053 1471 3151 quid
1497 3079 1633 3128 sacrum
1657 3055 1854 3152 Martyrum
1881 3076 2006 3153 agmen
2029 3053 2162 3142 dicam,

640 3172 721 3271 qui,
757 3160 823 3246 etsi
855 3173 951 3248 haud
980 3175 1083 3273 pauci
1118 3166 1239 3248 eorum
1271 3197 1451 3272 perperam
1482 3173 1619 3248 virtutis
1651 3175 1788 3248 culmen
1811 3174 1848 3248 in
1875 3173 2031 3272 martyrii
2060 3172 2162 3248 laude

639 3293 820 3391 posuerint
845 3339 896 3354 -
917 3293 963 3369 ad
989 3320 1112 3395 pyram
1139 3303 1176 3368 et
1202 3319 1339 3369 crucem
1368 3319 1480 3393 usque
1504 3295 1662 3369 Gamsrr
1688 3319 1804 3370 amore
1827 3293 1958 3369 incensi
1983 3300 2087 3392 atque
2108 3293 2161 3366 in-

637 3411 809 3486 flammati
837 3413 907 3488 vite
946 3439 986 3488 ac
1015 3421 1128 3511 morte
1149 3438 1186 3488 se
1206 3438 1277 3488 non
1302 3415 1414 3490 solum
1444 3415 1602 3490 Gaarsrr
1628 3422 1811 3490 sectatores
1834 3415 1896 3489 sed
1920 3414 2024 3489 etiem
2048 3412 2161 3486 imita-

639 3539 731 3605 tores
761 3533 1033 3630 praestiterunt?
1084 3533 1182 3611 Quid
1211 3533 1458 3623 Anaaoaun,
1489 3537 1753 3622 Acamantem,
1780 3537 2013 3622 Gansomos,
2038 3533 2161 3607 Gnar-

641 3673 838 3726 sosronnm
879 3677 1088 3741 memorem,
1129 3652 1344 3728 intaminatis
1378 3653 1549 3754 fulgentia
1582 3655 1770 3730 honoribus
1800 3655 1973 3730 Ecclesiae
2008 3653 2160 3741 lumina,

638 3795 790 3873 quorum
822 3772 964 3847 nomina
997 3773 1189 3848 etiamnum
1227 3797 1289 3872 per
1322 3775 1477 3850 omnium
1503 3801 1562 3850 cra
1585 3776 1754 3851 vohtant?
1804 3776 1902 3854 Quid
1923 3776 2161 3849 Bassianum

638 3888 739 3962 illum
778 3891 1078 3981 clarevallensem,
1113 3894 1194 3990 qui,
1226 3894 1446 3970 monachicae
1474 3894 1555 3970 licet
1583 3897 1719 3971 virtutis
1751 3896 1950 3982 studiosior,
1980 3902 2054 3969 tam
2082 3918 2159 3968 vere

639 4006 738 4107 pium
760 4033 796 4082 se
820 4009 891 4084 vita
913 4036 952 4085 ac
978 4011 1113 4110 scriptis
1137 4013 1314 4111 probavit,
1345 4025 1389 4088 ‘ut
1410 4015 1464 4090 vel
1493 4016 1586 4091 hunc
1612 4017 1665 4091 vel
1687 4019 1862 4092 neminem
1884 4023 2081 4092 sanctorum
2103 4038 2158 4089 co·

639 4152 743 4218 rona,
769 4153 838 4228 qua
858 4153 941 4204 eum
962 4131 1097 4206 ornavit
1119 4132 1290 4222 Ecclesia,
1318 4134 1467 4234 dignum
1488 4135 1692 4212 iudicemus.
1737 4138 1835 4217 Quid
1858 4137 2048 4212 Valdenses
2069 4135 2158 4232 pris-

636 4273 757 4324 corum
788 4249 1063 4326 Christianorum
1094 4253 1283 4352 imaginem
1313 4255 1383 4330 vita
1418 4263 1453 4329 et
1484 4255 1640 4331 moribus
1666 4258 1712 4332 ad
1737 4259 1854 4332 vivum
1877 4256 2081 4342 referentes,
2118 4263 2160 4328 ut

636 4369 779 4469 probem
810 4371 922 4468 quahs
951 4379 987 4447 et
1019 4381 1169 4472 quanta,
1205 4375 1321 4451 medio
1356 4377 1461 4450 etiam
1494 4401 1596 4464 aevo,
1632 4378 1677 4451 ad
1710 4377 1913 4452 excolendos
1944 4399 2077 4462 mores,
2112 4375 2157 4446 ad

635 4492 752 4591 ipsum
775 4492 931 4568 animum
954 4494 1149 4570 humanum
1178 4496 1438 4572 emendandum
1467 4495 1644 4595 religionis
1673 4481 1890 4572 Christianae
1921 4496 2025 4570 fucrit
2049 4495 2101 4582 vis
2121 4501 2156 4567 et

492 4673 499 4691 .
636 4612 844 4688 efficacitas?
894 4614 1019 4693 Quid?
1050 4615 1145 4715 qnod
1175 4620 1211 4690 et
1239 4614 1328 4688 hanc
1360 4613 1396 4687 in
1427 4613 1512 4711 ipsis
1546 4614 1665 4714 sectis,
1698 4640 1787 4714 quae
1814 4616 2077 4691 Haeretioorum
2103 4611 2156 4686 vel

498 4811 502 4820 ,
637 4732 941 4809 Schismaticorum
966 4735 1106 4810 nomine
1130 4744 1298 4833 tanquam
1323 4742 1397 4808 atro
1418 4732 1565 4808 carbone
1590 4735 1626 4809 in
1653 4735 1809 4810 Historia
1835 4743 1973 4810 notatae
2000 4741 2082 4808 sunt
2105 4773 2155 4789 -

634 4852 888 4943 Montanistas,
917 4855 1139 4946 Donatistae,
1164 4856 1373 4956 Albigenses
1392 4854 1469 4930 dico
1493 4899 1540 4913 -
1563 4881 1632 4964 non
1653 4881 1837 4957 agnoscere
1856 4881 1925 4933 non
1946 4877 2152 4956 possumus3
