4892 6184
724 669 769 734 44
1256 663 1290 731 F.
1331 664 1370 730 G.
1412 663 1708 731 Karnana

726 879 948 948 conservante
979 872 1094 946 locum
1117 893 1284 970 perquam
1307 869 1499 971 insignem,
1534 873 1663 972 quippe
1687 868 1817 968 quibus
1838 891 1909 943 non
1929 867 2042 942 solum
2059 867 2098 942 id
2115 869 2244 946 efficia·

728 1000 806 1080 tur,
834 1000 875 1066 ut
900 999 1118 1100 conservetur
1139 991 1290 1089 corporis
1311 1015 1411 1090 pars,
1434 1016 1540 1091 quam
1565 998 1666 1080 antea
1688 988 1902 1088 amputando
1928 987 2085 1064 solebant
2109 989 2244 1077 delere,

729 1113 913 1188 sedetiam
936 1113 1109 1210 insperata
1132 1110 1226 1185 salus
1250 1111 1376 1186 existat
1398 1111 1547 1200 morbis,
1570 1110 1615 1184 de
1641 1091 1789 1210 quorum
1814 1106 1990 1184 sanatione
2017 1108 2102 1183 olim
2123 1107 2246 1207 despe-

725 1238 838 1306 ratum
863 1237 936 1306 erat
959 1237 995 1304 et
1018 1229 1282 1306 conclamatum.

773 1351 926 1425 Annales
945 1350 1059 1425 clinici
1078 1357 1183 1449 atque
1215 1375 1298 1449 prae
1318 1350 1440 1424 octaris
1463 1346 1605 1424 annales
1627 1348 1821 1448 chirurgiae
1851 1346 2010 1422 militaris
2034 1346 2246 1422 documento

727 1479 848 1558 sunto,
874 1496 980 1569 quam
999 1469 1211 1545 multifarius
1231 1469 1416 1544 novissimo
1436 1477 1592 1570 tempore
1612 1469 1737 1545 harum
1758 1467 1997 1567 operationum
2013 1467 2117 1542 fuerit
2143 1491 2245 1556 usum

725 1598 841 1665 tamen
872 1591 992 1691 negari
1027 1614 1098 1666 non
1126 1598 1240 1690 potest
1269 1597 1409 1666 artuum
1432 1590 1637 1666 resectiones
1667 1589 1847 1688 chirurgos
1871 1586 1979 1662 videri
2006 1585 2245 1675 reformidare,

725 1736 764 1785 ac
799 1712 910 1786 iustas
952 1736 1029 1785 esse
1075 1709 1257 1785 latendum
1297 1719 1350 1786 est
1394 1712 1458 1786 viri
1492 1710 1673 1786 clarissimi
1709 1711 1841 1783 Bnasrr
1880 1707 2130 1806 querimonias,
2169 1731 2246 1781 eam

729 1830 875 1905 sanandi
899 1831 1069 1905 rationem
1104 1830 1258 1930 negligi,
1288 1831 1407 1930 itaque
1428 1830 1539 1931 perire
1565 1829 1676 1905 multa
1698 1827 1856 1904 membra
1875 1836 2062 1925 artusque,
2092 1852 2180 1926 quae
2203 1852 2245 1902 ea

585 2025 589 2032 ,
726 1950 882 2025 adhibita
905 1957 1090 2049 potuerant
1124 1952 1260 2026 servari.
1309 1949 1460 2025 Proinde
1489 1949 1583 2024 illins
1614 1946 1764 2046 amplexi
1787 1945 1994 2020 sententiam
2027 1951 2163 2020 nostrae
2188 1971 2242 2020 ae·

728 2070 810 2144 tatis
839 2071 1039 2169 patriaeque
1073 2070 1243 2170 chirurgis
1270 2094 1480 2170 magnopere
1511 2093 1634 2143 sumus
1662 2074 1837 2153 auctores,
1870 2071 1911 2139 ut
1945 2064 1983 2139 in
2007 2063 2245 2164 gravissimam

727 2189 854 2264 hancce
890 2199 926 2264 et
957 2215 1081 2288 parum
1115 2179 1316 2288 usurpatam
1347 2189 1583 2287 incrdtamque
1609 2185 1755 2262 sanandi
1779 2184 1984 2260 methodum
2018 2209 2101 2285 prae
2126 2186 2244 2260 ceteris

725 2308 880 2382 animum
905 2309 1096 2384 attendant.
1945 2295 1949 2302 ¹

775 2429 849 2502 Nec
874 2435 991 2502 tamen
1022 2428 1190 2504 exhausta
1220 2434 1274 2502 est
1302 2426 1462 2502 materies
1482 2426 1706 2526 praedicandi
1732 2432 1768 2499 et
1788 2423 1975 2499 extollendi
1998 2422 2102 2497 laude
2125 2422 2244 2496 merita

724 2545 934 2644 chirurgiam
950 2555 1232 2634 conservantem,
1257 2571 1346 2644 quae
1366 2546 1423 2620 sui
1442 2545 1676 2621 arbitrabatur
1697 2570 1772 2620 esse
1793 2544 1917 2632 officii,
1941 2551 1981 2617 ut
2003 2543 2088 2618 haec
2108 2568 2244 2642 quoque

590 2739 592 2744 ,
726 2665 949 2763 quantumvis
985 2667 1165 2741 incruenta
1198 2661 1350 2765 operatio
1383 2665 1583 2741 evitaretur.
1630 2665 1699 2739 Vix
1723 2689 1812 2764 opus
1839 2671 1894 2738 est
1921 2671 1961 2738 ut
1983 2686 2143 2738 moneam
2171 2671 2242 2737 tam

707 2807 846 2882 ‚graves
873 2785 1091 2882 quaestiones
1117 2785 1261 2887 perenni
1281 2793 1419 2861 tantum
1446 2785 1657 2885 experientia
1681 2786 1730 2862 ita
1757 2809 1859 2884 posse
1886 2783 1989 2871 solvi,
2014 2790 2052 2857 ut
2077 2783 2126 2856 nil
2139 2781 2242 2856 dubii

726 2905 772 2978 sit
794 2905 984 2982 residuum.
1022 2909 1140 2986 Quam
1164 2905 1429 3006 adaugendam
1453 2907 1697 3006 chirurgorum
1721 2904 1971 3002 experientiam
1996 2902 2130 2992 trubis,
2148 2902 2244 2976 hisce

726 3021 827 3098 annis
851 3023 889 3097 in
919 3024 1155 3124 compluribus
1180 3025 1340 3124 Europae
1366 3025 1571 3124 regionibus
1594 3026 1699 3114 ortis,
1724 3023 1878 3100 multum
1891 3022 2129 3100 estcollatuna
2164 3023 2242 3096 Bel·

727 3143 769 3218 lis
794 3144 903 3243 gestis
929 3143 1245 3243 seditionibusque,
1279 3145 1316 3220 in
1349 3146 1435 3245 ipsis
1457 3146 1646 3222 maioribus
1674 3144 1821 3219 urbibus
1845 3144 1958 3232 natis,
1989 3127 2160 3243 chirurgia
2182 3167 2242 3241 po·

727 3270 834 3338 testas
867 3271 921 3338 est
956 3263 1063 3353 sacta,
1096 3245 1206 3364 quum
1236 3289 1400 3365 magnam
1433 3265 1569 3364 copiam
1599 3265 1791 3340 laesionum
1822 3263 2106 3340 traumatioarum
2128 3262 2240 3337 obser·

725 3383 848 3472 rand,
884 3389 961 3458 tum
990 3383 1193 3484 gravissima
1225 3383 1401 3483 therapiae
1434 3384 1587 3460 remedia
1611 3383 1731 3457 multis
1760 3381 1917 3456 eiusdem
1941 3380 2079 3482 generis
2107 3379 2241 3455 casibus

722 3502 933 3591 adhibendi,
969 3527 1091 3579 eorum
1128 3503 1197 3578 vim
1225 3529 1266 3578 ac
1298 3504 1445 3578 valorem
1475 3502 1682 3581 aestimandi
1705 3509 1741 3577 et
1766 3501 1985 3601 quaestiones
2013 3500 2240 3590 dissolvendi,

723 3623 766 3698 de
790 3623 919 3720 quibus
942 3622 1148 3723 ambignum
1175 3623 1358 3722 hucusque
1381 3623 1495 3699 luerat
1518 3623 1698 3698 iudicium.

771 3741 864 3814 Nolo
888 3741 1033 3814 orationi
1059 3742 1166 3814 finem
1188 3741 1388 3839 imponere,
1424 3740 1492 3816 nisi
1523 3741 1614 3816 tacta
1647 3741 1823 3816 mentione
1845 3740 1934 3817 alius
1958 3737 2096 3816 nostr'ae
2119 3741 2241 3816 aetatis

724 3859 875 3946 inventi,
918 3858 1014 3954 quod
1053 3857 1238 3959 chirurgia,
1282 3861 1497 3958 operationes
1536 3859 1763 3949 facientibus,
1805 3857 2047 3960 gravissimum
2087 3861 2240 3962 gratissi·

726 4003 896 4078 mumque
927 3977 1169 4054 adiumentum
1202 3985 1381 4078 tamquam
1408 3981 1570 4054 cumulus
1603 3979 1766 4069 moessit,
1810 4004 2050 4081 quaecumque
2082 3981 2239 4058 laboran-

724 4099 815 4173 tium
850 4096 1140 4172 sublevandorum
1179 4098 1291 4198 gratia
1328 4099 1429 4174 variis
1471 4099 1685 4198 temporibus
1727 4099 1907 4200 ingenium
1939 4101 2131 4177 humanum
2163 4111 2240 4177 erat

723 4242 875 4293 enixum.

769 4337 893 4414 Dicere
925 4361 982 4412 me
1016 4336 1227 4438 intelligitis,
1261 4339 1463 4414 Auditoresl
1496 4363 1637 4416 omnem
1669 4365 1791 4417 seusus
1818 4340 2237 4440 ablationem,1espirato

723 4457 880 4534 aethereo
902 4481 1036 4556 vapore.
1088 4457 1199 4532 Cuius
1224 4458 1489 4535 saluberrimum
1512 4458 1674 4536 effectum
1696 4468 1802 4560 atque
1825 4462 1949 4562 ingens
1970 4463 2008 4538 in
2031 4459 2234 4562 operationi·

723 4579 792 4652 bus
818 4577 1032 4676 gravioribus
1061 4578 1211 4677 pretium
1238 4603 1448 4678 unoquoque
1470 4579 1527 4655 die
1549 4588 1603 4654 est
1627 4581 1752 4657 videre.
1800 4579 1886 4657 Fuit
1906 4581 1973 4656 hoc
1999 4604 2110 4655 unum
2136 4579 2232 4654 adiu·

725 4705 903 4785 mentum,
925 4719 995 4795 quo
1017 4721 1071 4772 ars
1093 4706 1210 4774 nostra
1235 4698 1411 4774 salutifera
1434 4722 1570 4800 semper
1592 4698 1707 4777 adhuc
1729 4707 1896 4777 comeret.

773 4813 923 4896 Probata
947 4815 1088 4917 quidem
1116 4818 1326 4920 experientia
1348 4818 1519 4914 remedia,
1552 4819 1682 4920 quibus
1710 4819 2006 4924 haematorrhegia
2030 4817 2235 4897 traumatica
