4892 6184
750 687 814 755 ror
1177 653 1184 667 '
1347 682 1385 749 n.
1421 679 1664 750 ermae
1739 784 1744 793 Ι

742 895 841 970 dum.
892 893 1009 971 Quom
1031 889 1171 978 vellem,
1194 895 1236 964 ut
1262 888 1306 964 de
1330 887 1385 964 his
1409 888 1502 966 idem
1526 896 1632 988 atque
1656 887 1699 963 de
1723 885 1978 962 Professoribus
2001 909 2139 986 possem
2165 889 2252 964 sffir·

744 1039 850 1091 mare.
900 1015 1061 1091 Quatuor
1085 1016 1203 1086 eutem
1231 1009 1373 1085 iuvenes
1400 1009 1531 1110 egregii
1558 1008 1594 1084 e‘t
1615 1006 1737 1098 nobis,
1767 1007 1802 1082 et
1828 1006 2030 1107 pnenribm
2057 1007 2130 1082 suis
2154 1015 2254 1106 atque

745 1133 901 1233 cognatis
926 1138 1037 1206 morte
1064 1129 1187 1205 acerbo
1212 1129 1323 1229 erepti
1346 1137 1446 1217 sunt,
1478 1152 1604 1227 nempe
1626 1129 1741 1204 Iesus
1765 1127 1900 1218 Mers,
1924 1126 2161 1202 Wmnnnnos
2183 1127 2253 1200 Ar·

744 1275 903 1327 rnosrcs
939 1273 1014 1326 vau
1047 1251 1199 1339 Doonn,
1235 1250 1442 1324 Drnuarcus
1477 1249 1619 1324 'l'rrran
1648 1247 1786 1323 Vrssna
1810 1255 1845 1322 et
1865 1248 2056 1322 lonenses
2084 1246 2252 1324 Osroene

741 1394 817 1446 ven
849 1372 954 1446 err.
1004 1371 1081 1445 Nec
1099 1369 1425 1469 praetermittendus
1446 1376 1499 1443 est
1521 1368 1611 1444 doct.
1634 1368 1733 1443 Ecco
1753 1369 1909 1457 Eme,
1931 1392 2060 1467 quem,
2079 1367 2147 1442 etsi
2166 1369 2249 1442 Ace·

743 1491 877 1566 demiae
900 1491 970 1602 iam
998 1489 1225 1578 valedixeret,
1252 1486 1384 1564 civibus
1406 1495 1523 1563 temen
1548 1488 1624 1562 eius
1648 1487 1950 1564 adnumerandum
1980 1511 2113 1563 censeo.
2163 1486 2250 1560 Nam

743 1632 803 1687 me
825 1612 992 1699 Rectore,
1021 1608 1298 1684 dissertationem
1321 1633 1420 1684 suem
1445 1609 1490 1684 de
1515 1608 1727 1682 Ceruunrrs
1751 1607 1902 1682 Romani
1914 1611 2036 1706 priore
2060 1610 2110 1682 ed
2139 1608 2249 1680 Coris·

741 1733 829 1806 llice
856 1733 999 1839 eprstole
1020 1730 1160 1829 publice
1183 1729 1357 1818 defendit,
1382 1728 1596 1827 summisque
1618 1752 1699 1802 eum
1720 1726 1882 1802 leudibus
1902 1726 2110 1826 Theologiee
2138 1726 2249 1800 doctor

742 1859 878 1926 creatus
900 1859 968 1938 est,
999 1851 1183 1924 stationem
1205 1848 1404 1924 desiderans
1430 1857 1535 1947 etque
1555 1855 1781 1948 exspectans,
1814 1871 1884 1945 que
1907 1846 2086 1921 Societatis
2107 1845 2252 1920 Christi·

742 1994 830 2045 auae
858 1969 1049 2045 commodis
1086 1994 1129 2043 er
1167 1969 1275 2044 animi
1310 1969 1398 2044 votis
1424 1976 1542 2067 posset
1566 1967 1739 2042 inservire.
1790 1965 1861 2040 Sed
1885 1964 1984 2040 aliter
2006 1963 2138 2064 plecuit
2166 1967 2248 2064 sepi·

742 2090 816 2165 euti
867 2113 983 2166 rerum
1030 2096 1226 2164 nostorum
1263 2087 1485 2164 Moderatcri.
1543 2089 1693 2187 Ereptus
1729 2093 1782 2160 est
1823 2085 1909 2175 tibi,
1961 2084 2248 2160 eestumetissime

740 2211 895 2284 Errare!
933 2211 1025 2284 Ecce
1042 2216 1126 2283 tuus
1145 2208 1239 2282 filius
1253 2207 1497 2285 dilectissimus
1503 2242 1513 2297 ;
1538 2207 1599 2284 sed
1618 2213 1757 2307 ereptus
1775 2230 1845 2281 non
1863 2206 1900 2280 iu
1920 2215 2150 2305 perpetuum;
2171 2229 2247 2280 nem

738 2330 876 2406 enimus
902 2330 978 2404 eius
1003 2353 1072 2404 non
1096 2334 1131 2403 te
1154 2328 1337 2416 deserens,
1360 2328 1422 2403 sed
1443 2335 1657 2430 respectans,
1682 2328 1720 2403 in
1745 2351 1785 2403 ee
1804 2327 1877 2402 loce
1895 2325 2072 2414 discessit,
2098 2351 2173 2424 quo
2188 2325 2248 2399 tibi

738 2451 807 2549 ipsi
834 2450 997 2524 cernebat
1029 2473 1105 2525 esse
1131 2448 1352 2525 veniendum.
1404 2449 1457 2522 Sit
1482 2449 1556 2538 illi,
1586 2449 1632 2524 sit
1660 2447 1781 2523 ceteris
1803 2471 1943 2546 quoque
1966 2443 2144 2520 defunctis
2167 2454 2250 2520 terra

738 2570 844 2659 levis,
873 2569 1052 2666 fidesque,
1076 2592 1183 2666 quam
1202 2567 1414 2666 praedicavi,
1441 2568 1477 2642 et
1500 2568 1587 2656 tibi,
1610 2566 1646 2643 et
1669 2567 1807 2642 illorum
1827 2565 1983 2666 cognatis
2005 2589 2104 2664 spem
2124 2572 2249 2640 certem

736 2690 885 2776 inliciat,
908 2712 978 2787 qua
1003 2686 1191 2763 sustentati
1210 2693 1317 2785 etque
1342 2687 1445 2762 erecti
1471 2687 1507 2762 in
1531 2688 1600 2763 Dei
1624 2687 1799 2762 voluntate
1823 2711 1935 2785 ecquo
1957 2685 2073 2760 animo
2100 2685 2250 2783 acquies-

740 2808 836 2883 cstis.
861 2853 913 2868 -
934 2807 1034 2881 Heec
1063 2805 1192 2882 dicenti
1227 2806 1314 2881 milri
1342 2809 1508 2884 succurrit
1540 2807 1783 2908 gravissimum
1812 2805 1900 2880 illud
1927 2806 2061 2880 Tuum
2086 2804 2247 2879 effatum:

742 2926 856 3006 nQuis
880 2934 935 3002 est
955 2935 1028 3002 tum
1051 2927 1200 3016 stultus,
1232 2927 1390 3027 quemvis
1415 2928 1462 3003 sit
1488 2929 1706 3016 adolescens,
1731 2926 1789 3002 cui
1815 2926 1860 3000 sit
1882 2926 2121 3026 exploratum,
2146 2950 2183 3000 se
2205 2925 2251 2998 ed

742 3069 941 3147 evesperam
961 3071 1037 3122 esse
1061 3047 1358 3142 victuruml''¹⁶⁹)
1409 3048 1589 3123 Utendum
1611 3047 1718 3147 igitur
1738 3055 1790 3123 est
1813 3055 1946 3135 oetam,
1967 3055 2072 3146 etque
2092 3047 2142 3122 ite
2156 3047 2249 3122 insti·

738 3167 870 3244 tuende
892 3175 1011 3244 nostra
1032 3167 1121 3256 vita,
1149 3176 1189 3243 ut
1217 3167 1254 3242 dt
1274 3167 1404 3258 officie,
1427 3167 1485 3244 hic
1511 3193 1532 3243 a
1555 3168 1656 3244 nobis
1681 3167 1845 3257 colenda,
1875 3174 2108 3268 praestemus,
2131 3167 2168 3242 et
2196 3191 2249 3240 sn-

739 3288 890 3364 blimiori
924 3287 974 3362 illi
1008 3311 1252 3388 praeparemur
1277 3289 1386 3377 vitae,
1424 3313 1530 3388 quam
1553 3296 1634 3388 post
1653 3295 1849 3366 terrestrem
1872 3288 1961 3364 hanc
1985 3313 2046 3387 spe
2071 3295 2246 3387 exspecte-

737 3430 827 3485 mus.
877 3409 1055 3482 Omnesne
1081 3408 1146 3483 hoc
1168 3431 1304 3506 semper
1322 3408 1487 3482 memoria
1509 3407 1691 3496 tenuistis,
1717 3415 1823 3506 atquo
1844 3405 1924 3480 imis
1946 3406 2093 3481 infixum
2115 3405 2245 3480 medul-

736 3528 800 3616 lis,
837 3527 1101 3604 commilitones
1133 3527 1356 3603 amicissimil
1418 3528 1595 3602 Omnesne
1630 3533 1806 3602 strenuam
1840 3525 2084 3624 assiduamque
2126 3524 2247 3600 studiis

736 3648 909 3724 doctrinae
934 3672 1073 3747 operam
1097 3648 1270 3736 navestis,
1300 3647 1584 3746 propositumque
1605 3647 1731 3733 finem,
1755 3670 1825 3745 quo
1848 3670 1988 3720 cursum
2012 3645 2160 3744 dirigere
2191 3643 2246 3718 de·

736 3767 849 3854 betis,
873 3766 1035 3843 continue
1057 3772 1138 3841 ente
1158 3767 1276 3841 oculos
1297 3767 1496 3842 habuistis?
1545 3768 1722 3842 Omnesne
1748 3773 1877 3842 vestros
1901 3773 2061 3866 parentes
2089 3789 2129 3840 ac
2152 3789 2244 3864 pree·

738 3893 892 3983 ceptores
923 3884 1016 3958 iusto
1046 3907 1180 3982 semper
1204 3885 1372 3984 obsequio
1399 3896 1434 3962 et
1457 3886 1673 3962 observantie
1695 3885 1874 3962 coluistis?
1922 3886 1982 3961 Ad
2006 3887 2070 3961 has
2092 3885 2243 3984 aliasque

737 4001 909 4078 eiusmodi
932 4002 1150 4100 quaestiones
1175 4003 1244 4102 ipsi
1270 4007 1504 4106 respondeatis
1531 4008 1643 4083 velim.
1693 4007 1866 4104 Equidem
1890 4007 1979 4080 leste
1999 4005 2064 4080 hoc
2087 4005 2243 4103 lectoque

738 4124 795 4198 die
830 4123 1006 4197 neminem
1045 4128 1198 4198 vestrum
1226 4122 1342 4222 pelam
1364 4123 1610 4223 reprehendere
1633 4126 1719 4202 volo.
1766 4126 1815 4200 Et
1842 4148 1924 4200 sene
1950 4149 2061 4223 pauca
2081 4131 2243 4208 tuntum,

610 4259 614 4267 '
737 4268 826 4342 ques
866 4243 920 4318 vel
954 4241 1062 4318 oculis
1100 4243 1154 4318 vel
1186 4243 1330 4319 auribus
1356 4245 1512 4344 percepi,
1549 4247 1587 4320 in
1611 4245 1729 4344 paucis
1754 4243 2035 4344 reprehendenda
2058 4243 2240 4334 haberem:

616 4409 619 4412 ·
738 4389 826 4462 quac
854 4363 921 4463 ipsi
944 4363 1033 4452 iam,
1070 4371 1111 4437 ut
1131 4387 1232 4463 spero
1256 4370 1292 4438 et
1315 4364 1471 4452 confido,
1496 4389 1576 4440 cum
1601 4365 1708 4441 animi
1731 4365 1863 4467 pudore
1886 4362 2052 4438 memorie
2074 4362 2242 4446 recolitis,

601 4489 611 4494 “
737 4492 772 4557 et
795 4483 1042 4558 condemnatis.
1092 4483 1201 4558 Multi
1223 4492 1314 4560 certe
1341 4493 1494 4560 vestrum
1517 4484 1711 4560 studiorum
1731 4484 1933 4560 assiduitate
1955 4483 2124 4581 bonisque
2143 4480 2241 4558 mori·

737 4603 806 4677 bus
841 4627 1008 4702 magnum
1039 4602 1076 4676 in
1098 4603 1245 4678 modum
1274 4629 1310 4680 se
1336 4605 1632 4680 commendenmt.
1682 4605 1757 4680 Nec
1785 4627 1927 4704 possum
1953 4628 2023 4680 non
2051 4627 2111 4679 vos
2136 4601 2241 4676 nomi·
2393 4603 2394 4680 5

737 4721 848 4796 ratim
886 4722 1047 4809 leudure,
1081 4724 1291 4800 ornatissimi
1327 4747 1400 4799 vus
1430 4723 1664 4801 Wauarurren
1689 4733 1724 4800 et
1747 4724 1903 4800 Husasl
1931 4748 2079 4824 quorum
2102 4731 2243 4820 uterque
2393 4751 2394 4784 r

737 4848 876 4941 propter
912 4840 1001 4916 bene
1035 4843 1261 4941 conscriptam
1297 4845 1631 4922 Commentationem
1664 4873 1686 4924 c
1714 4843 1967 4922 Professorihus
1991 4841 2242 4941 Groningania
