4892 6184
1078 1147 1349 1247 NUMERUS
1390 1141 1783 1243 STUDIOSORUM

930 1457 986 1538 IN
1023 1457 1312 1538 Aclosslssl
1348 1445 1927 1534 RHENo-Tnlfflffllll

1100 1737 1170 1798 DIE
1191 1735 1293 1795 XXXI
1312 1733 1539 1794 DECEMBRIS
1558 1729 1771 1792 Mltoccmv.

924 2319 960 2390 in
985 2317 1164 2392 Facultoto
1188 2317 1396 2416 Theologioa
1417 2370 1789 2391 ...........
1840 2301 1923 2386 234.

1059 2467 1077 2504 u
1189 2437 1342 2510 Iuridloo
1384 2491 1788 2510 ............
1843 2437 1923 2508 170.

1062 2586 1080 2624 o
1192 2555 1283 2630 Phil.
1308 2555 1432 2630 Theoi.
1457 2563 1499 2631 et
1515 2555 1599 2630 Litt.
1625 2553 1791 2627 Hom...
1894 2554 1927 2625 8.

1061 2704 1078 2742 o
1188 2674 1330 2749 Medica
1345 2729 1790 2750 .............
1866 2675 1923 2743 54.
1942 2739 1948 2745 ,

1062 2821 1080 2859 n
1192 2792 1306 2867 Moth.
1332 2799 1368 2865 et
1391 2792 1481 2866 Phil.
1506 2793 1589 2867 Not.
1635 2851 1643 2867 .
1746 2850 1754 2866 .
1783 2811 1797 2864 .‘
1868 2795 1925 2864 10.

1778 2920 1935 3038 ’[7σῖ

730 3202 910 3276 Praeterea
942 3202 979 3274 in
1017 3200 1150 3276 Album
1185 3203 1434 3278 Academicum
1463 3202 1605 3278 nomino
1638 3203 1905 3289 Studiosorum,
1942 3201 1979 3273 in
2009 3167 2199 3275 Athonoeis

681 3319 805 3394 studiis
840 3343 979 3419 oporam
1006 3321 1227 3410 novandum,
1251 3322 1358 3398 relato
1383 3330 1483 3412 sunt,
1508 3349 1549 3398 oo
1570 3330 1710 3399 tontum
1732 3321 1895 3410 oonsilio,
1920 3328 1962 3394 ut
1983 3321 2038 3395 hio
2058 3321 2199 3419 publice

681 3463 882 3540 progressus
906 3440 1054 3539 probent
1076 3449 1111 3515 et
1133 3442 1301 3516 Doctores
1325 3452 1494 3533 creentur,
1519 3469 1669 3541 quorum

925 3682 962 3754 in
986 3683 1164 3757 Facultoto
1189 3683 1396 3783 Theologioo
1414 3740 1819 3761 ............
1871 3685 1928 3757 30.

938 3827 948 3864 t
1061 3829 1080 3868 u
1189 3801 1343 3877 Iuridica
1376 3861 1818 3880 .............
1870 3805 1928 3876 30.

929 3827 940 3866 Ι

929 3945 947 3986 o
1062 3949 1079 3987 n
1190 3920 1280 3994 Phil.
1306 3920 1428 3996 Theor.
1454 3929 1491 3995 el
1513 3921 1598 4020 llll.
1622 3921 1733 3994 Hum.
1773 3977 1781 3993 .
1809 3976 1817 3993 .
1894 3922 1928 3992 2.

932 4065 950 4104 n
1066 4066 1084 4106 ν
1195 4039 1335 4114 Medica
1374 4097 1817 4118 .............
1870 4041 1928 4111 24.

931 4185 950 4224 u
1068 4185 1086 4226 n
1198 4159 1311 4234 Matll.
1337 4167 1373 4232 el
1395 4159 1485 4236 Phil.
1510 4161 1593 4237 Nat.
1627 4221 1635 4236 .
1664 4219 1672 4236 .
1699 4218 1707 4234 .
1736 4217 1744 4233 .
1771 4216 1780 4236 .
1807 4213 1817 4230 ·
1893 4159 1926 4228 2-

1788 4282 1946 4400 'oi'
