4892 6184
688 666 754 735 sos
1297 658 1597 764 runrcrs

690 871 837 974 singulis
874 869 1046 947 aetatibus
1068 875 1207 969 gestum
1237 866 1362 957 fuerit,
1396 874 1555 944 accurata
1586 869 1705 941 textus
1739 862 1926 955 Hebraici‚
1960 869 2131 963 quantum
2158 866 2205 942 ad

691 991 741 1066 rei
776 989 1041 1088 intelligentiam
1068 1011 1157 1086 opus
1185 995 1259 1077 est,
1291 987 1518 1087 explicatione
1542 985 1615 1062 suis
1637 985 1722 1061 locis
1748 985 1902 1062 addita.”
1953 985 2050 1061 Ordo
2075 986 2205 1090 aceepit

690 1109 1016 1187 commentationem
1039 1107 1094 1183 his
1118 1106 1231 1182 verbis
1255 1106 1469 1184 distinctam:
1506 1109 1572 1182 ndi
1597 1106 1779 1182 caelato
1799 1107 1843 1181 ab
1867 1107 2030 1206 orginali
2050 1107 2214 1181 draccum

689 1233 722 1308 ei
757 1231 893 1330 linguae
918 1230 1035 1330 potius
1062 1228 1266 1303 credendum
1297 1229 1385 1302 unde
1418 1229 1455 1300 in
1487 1228 1598 1301 oliam
1611 1251 1680 1326 per
1701 1227 2014 1324 interpretatum
2026 1229 2134 1323 facto
2155 1233 2206 1301 est

691 1349 908 1425 translatio.”
960 1347 1113 1447 Scriptor
1135 1370 1205 1422 non
1233 1371 1310 1422 eam
1335 1344 1500 1446 explicuit
1522 1370 1628 1445 quem
1653 1346 1750 1421 Ordo
1770 1351 1932 1447 posuerat
1952 1345 2205 1443 quaestionem,

690 1467 752 1544 sed
781 1468 826 1544 ab
850 1468 915 1543 hec
942 1467 1110 1542 diversam
1136 1465 1367 1542 adumbravit.
1419 1468 1542 1545 Quum
1566 1466 1660 1542 enim
1684 1465 1861 1566 agendum
1884 1472 1975 1558 esset
2002 1464 2046 1539 de
2068 1491 2206 1541 munes

689 1590 845 1664 iudicioli
873 1587 911 1662 in
944 1586 1065 1661 litibus
1101 1584 1306 1660 dirimendis
1338 1595 1375 1659 et
1398 1609 1538 1660 reorum
1561 1583 1675 1660 causis
1701 1582 1932 1659 diiudicandis
1957 1583 2071 1682 posito
2097 1607 2205 1682 eoque

688 1707 766 1783 aliis
800 1705 1015 1807 temporibus
1044 1705 1111 1781 alia
1143 1705 1276 1780 ratione
1309 1704 1405 1804 apud
1444 1703 1624 1780 Hebraeos
1658 1703 1921 1790 administrato,
1960 1710 2204 1802 argumentum

690 1825 796 1902 huius
820 1823 1121 1902 commentationis
1147 1830 1231 1900 sunt
1253 1824 1318 1897 viri
1342 1824 1405 1923 qui
1431 1823 1519 1900 κατ’
1540 1826 1682 1921 ἐξοχὴν
1700 1822 1840 1898 Iudices
1859 1821 2024 1896 dicuntur
2044 1847 2206 1921 quorum·

689 1969 759 2045 que
794 1970 850 2020 res
886 1951 1005 2046 gestae
1040 1943 1086 2020 ad
1122 1967 1229 2018 unam
1260 1943 1366 2042 vulgo
1395 1943 1591 2020 referuntur
1617 1943 1779 2019 historim
1808 1941 2018 2018 luadiiticae
2046 1948 2203 2019 aetutem.

690 2067 735 2141 In
762 2065 827 2142 hoc
853 2072 972 2140 autem
996 2069 1202 2164 argumento
1219 2063 1399 2138 bacmndo
1419 2064 1564 2164 scriptor
1582 2063 1650 2139 alis
1672 2063 1815 2164 quidem
1835 2087 1924 2164 quae
1946 2062 2017 2138 hnc
2035 2061 2207 2163 pertinent

690 2211 762 2263 non
796 2187 898 2287 plane
934 2185 1109 2285 neglexit,
1145 2183 1296 2259 maxime
1330 2189 1447 2259 tamen
1480 2183 1720 2284 chronologiae
1750 2183 1987 2285 indagandae,
2023 2183 2123 2258 cuius
2156 2184 2207 2258 rei

690 2307 914 2382 difficillimae
951 2305 1135 2405 explicatio
1168 2329 1239 2380 non
1269 2302 1526 2403 requirebatur,
1559 2328 1699 2404 operam
1730 2305 1837 2381 dedit.
1887 2304 1958 2378 Sed
1987 2302 2069 2378 huic
2101 2326 2205 2402 quae·
2312 2360 2321 2372 ,

689 2427 794 2502 stioni
826 2426 892 2502 rite
928 2425 1110 2501 solvendae
1139 2423 1215 2513 ille,
1247 2423 1328 2499 licet
1349 2424 1552 2525 diligentem
1576 2423 1713 2500 afferret
1733 2424 1905 2500 veriorum
1928 2422 2097 2498 librorum
2118 2422 2206 2498 noti·

689 2547 797 2636 tiam,
834 2569 945 2644 quum
978 2544 1151 2644 praeclara
1172 2543 1403 2619 recentiorum
1423 2568 1527 2643 opera
1548 2544 1739 2644 ignoraret,
1763 2545 1875 2644 impar
1895 2543 1973 2619 luit.
2021 2543 2093 2618 His
2112 2568 2206 2619 aoce-

689 2665 780 2742 dunt
799 2664 1045 2765 hypothesium
1064 2687 1250 2763 rerumque
1267 2663 1370 2764 plane
1388 2664 1578 2740 alienarum
1597 2665 1697 2765 copia
1719 2671 1754 2740 et
1773 2663 1892 2764 inopia
1917 2663 2206 2763 interpretationis

687 2785 936 2885 philologiam,
962 2783 1076 2860 textui
1100 2782 1275 2860 Hebraico
1298 2783 1371 2858 suis
1394 2783 1478 2860 locis
1501 2784 1691 2862 addendae.

741 2902 983 2984 Quamobrem
1013 2901 1110 2978 Ordo
1134 2902 1224 2978 hano
1250 2904 1577 2981 commentationem
1599 2929 1723 3005 parum
1749 2906 1854 2982 etiam
1885 2904 2009 2980 Iatine
2043 2902 2203 3002 scriptam
2239 2968 2252 2992 ,

618 3009 624 3020 ’
696 3023 850 3122 proemio
874 3022 970 3100 haud
993 3023 1182 3100 emendam
1208 3047 1284 3098 esse
1306 2989 1480 3103 iudicavit.
1533 3106 1538 3113 ,

1597 3161 1645 3223 W.
1664 3161 1690 3223 1.
1710 3163 1746 3223 A.
1765 3160 2040 3234 romemoth,

1655 3266 1724 3326 Ord.
1741 3267 1772 3326 b.
1792 3271 1814 3326 t.
1834 3268 1869 3327 ab
1887 3265 1969 3326 actia.

749 3509 843 3586 Ordo
867 3507 1192 3586 Iurisconsultowm
1210 3507 1347 3583 nullum
1366 3507 1498 3609 accepit
1515 3509 1727 3609 quaestionis
1742 3511 1938 3610 propositae
1955 3531 2168 3608 responsum.

1660 3669 1694 3730 (l.
1714 3669 1815 3729 stau
1834 3668 1998 3740 NUMAN,

1704 3770 1772 3832 Ore.
1781 3774 1811 3832 b.
1820 3779 1844 3834 t.
1854 3774 1889 3833 ab
1897 3772 1981 3832 odis.

745 3989 837 4064 Ordo
859 3987 1076 4061 Medicorum
1098 3986 1279 4086 proposuit
1297 3985 1387 4063 hanc
1406 3988 1662 4087 quaestionem:
1690 3991 1939 4093 nExponantur
1959 4016 2049 4092 quae
2070 3998 2198 4093 postre-

689 4108 756 4184 mis
789 4106 891 4184 annis
925 4105 972 4180 ab
1006 4106 1152 4182 cruditis
1180 4106 1272 4182 facta
1302 4117 1338 4182 et
1370 4108 1496 4208 scripta
1514 4119 1609 4186 ‘sunt
1642 4117 1684 4186 ut
1711 4111 1811 4188 lienis
1831 4112 1964 4188 frmetio
1989 4112 2197 4188 definiretur.

687 4229 766 4306 Fiat
787 4235 905 4304 autem
929 4226 980 4302 itu
998 4234 1038 4301 ut
1055 4227 1300 4327 experimentis
1317 4235 1353 4302 et
1372 4228 1668 4308 observationibus
1689 4233 1835 4332 propriis
1850 4241 2066 4333 superstruat
2082 4241 2200 4308 auctor

687 4347 894 4426 sententiam
923 4370 1028 4447 quam
1053 4347 1303 4446 amplectatur,
1329 4347 1400 4424 sive
1422 4350 1583 4426 anteriori
1608 4351 1713 4428 alicui
1732 4353 1992 4430 assentiendum
2007 4360 2111 4453 putat
2130 4352 2198 4426 sive

682 4492 805 4546 novam
830 4468 906 4568 ipse
930 4467 1134 4568 proponat.’'

730 4589 885 4688 Accepta
923 4595 1006 4664 sunt
1042 4613 1208 4689 responsa
1247 4597 1415 4689 quatuor,
1451 4615 1558 4666 usura
1594 4580 1755 4670 notatum
1789 4593 1903 4670 verbis
1945 4596 2195 4671 Gnrrssnnon:

686 4710 761 4783 nm
792 4709 896 4786 tlettt
932 4735 997 4784 nur
1026 4711 1125 4810 riba-sp
1154 4734 1218 4786 uua
1247 4713 1326 4786 dem
1343 4708 1521 4808 scioerem
1542 4698 1625 4790 Bou
1647 4716 1709 4792 der
1728 4716 1822 4792 Milz
1842 4716 1932 4790 cccl
1950 4716 2117 4814 Anulopie
2134 4716 2203 4807 arcs

680 4829 782 4904 deren
812 4829 982 4906 Fucctioc
1013 4854 1055 4905 eu
1083 4831 1313 4922 celticam?
1342 4830 1450 4931 idque
1486 4834 1721 4934 conscriptum
1748 4836 1949 4928 vasnacum
1974 4836 2124 4912 atteram
2145 4831 2197 4906 in·
