4892 6184
691 709 735 774 ιι
819 773 823 810 2
971 691 975 704 '
1223 700 1676 772 ao.na1acrn

740 915 840 992 Nihil
870 915 940 991 iam
969 914 1039 990 lere
1068 908 1156 986 mihi
1182 918 1310 1002 restat,
1340 911 1409 987 nisi
1434 920 1475 987 nt
1501 910 1652 986 indicem
1675 907 1712 980 in
1740 929 1894 1005 quonam
1920 909 2016 980 statu
2038 905 2132 982 varia
2155 907 2209 983 in·

692 1037 815 1112 stitnta
838 1034 1034 1112 academica
1058 1038 1247 1108 versentur.
1778 1103 1810 1136 .·
2181 1015 2187 1028 ’

738 1158 858 1256 Atque
888 1153 1140 1229 Bibliotheoam
1166 1151 1419 1241 academicam,
1442 1152 1598 1227 Hortum
1624 1145 1826 1223 botanicum
1849 1143 2011 1244 variaque
2034 1153 2210 1245 praeterea

691 1273 936 1375 suppellectilis
971 1269 1185 1348 academicae
1219 1272 1435 1370 receptacula
1471 1279 1508 1347 et
1538 1269 1692 1369 officinas
1725 1267 1762 1340 in
1795 1265 1928 1365 optimo
1958 1268 2086 1342 versari
2116 1276 2211 1344 statu

690 1403 795 1494 atque
822 1392 988 1470 subsidiis
1004 1392 1094 1468 'satis
1117 1391 1326 1491 abundeque
1350 1398 1544 1468 sustentata
1573 1414 1669 1476 esse,
1703 1387 1778 1486 ipae
1801 1386 1901 1461 testis
1934 1411 2014 1460 sum
2042 1388 2210 1464 oculatus.

737 1516 789 1590 At
820 1539 890 1588 non
920 1513 1037 1588 omnia
1071 1511 1108 1586 in
1139 1512 1331 1588 Academia
1363 1520 1481 1586 nostra
1512 1510 1622 1584 nitere
1649 1508 1744 1582 idem
1767 1512 1931 1604 expertus
1958 1506 2039 1581 scio.
2088 1508 2211 1584 Minus

691 1635 783 1710 enim
806 1659 912 1734 quem
934 1658 997 1734 par
1021 1639 1074 1707 est
1099 1639 1320 1732 prospectum
1341 1640 1395 1708 est
1416 1639 1457 1706 ut
1483 1630 1660 1730 aedilicia,
1684 1629 1721 1701 in
1743 1627 1872 1727 quibus
1893 1627 2073 1742 suppellex
2090 1629 2211 1704 acade-

690 1757 781 1832 miae
802 1761 1014 1844 asservatur,
1036 1753 1120 1828 satis
1143 1752 1213 1827 sint
1232 1752 1368 1852 ampla,
1394 1760 1435 1826 nt
1454 1758 1490 1825 et
1510 1745 1666 1826 materiei
1684 1748 1750 1823 rite
1769 1746 2004 1846 disponendae
2021 1749 2210 1837 sufficiant,

691 1885 726 1950 et
749 1874 994 1960 Academieem
1016 1874 1234 1949 iuventutem
1256 1874 1294 1947 in
1316 1873 1360 1948 iis
1381 1872 1573 1948 docendam
1596 1893 1717 1970 capere
1739 1867 1883 1967 possint.

740 1997 784 2070 In
821 1994 875 2069 his
909 1995 1066 2069 omnium
1101 1993 1252 2068 maxime
1286 1999 1456 2069 mutatam
1495 1990 1784 2088 emendatamque
1820 1989 2052 2064 conditionem
2087 1990 2213 2065 clamat

692 2115 906 2203 aedilicium,
936 2115 1031 2214 quod
1053 2112 1289 2189 Bibliothecae
1308 2111 1537 2190 Academicae
1558 2109 1793 2185 voluminibus
1813 2109 1984 2184 tributum
2005 2117 2075 2199 est,
2101 2109 2212 2184 domi-

691 2233 810 2310 cilium
837 2235 944 2310 eheu!
971 2242 1076 2308 tenue
1103 2241 1138 2306 et
1163 2238 1372 2330 angustum,
1403 2230 1490 2305 adeo
1517 2235 1648 2302 utnon
1671 2233 1808 2300 tanturn
1828 2226 1992 2301 librorum
2014 2226 2142 2303 molem
2161 2226 2215 2300 ibi

691 2361 939 2428 asservatorum
974 2353 1062 2426 ferre
1095 2357 1251 2438 recuset,
1285 2349 1347 2422 sed
1377 2347 1484 2422 etiam
1512 2371 1641 2445 magna
1675 2371 1756 2444 pars
1787 2371 1932 2445 opernm
1961 2346 2215 2445 praestantissi-

690 2497 826 2548 morum
851 2473 888 2547 in
910 2472 1068 2571 granaria
1096 2471 1251 2545 coniecta
1271 2441 1507 2565 adaequem
1529 2467 1568 2540 in
1588 2466 1749 2541 exsilium
1772 2467 1844 2540 sint
1862 2466 2033 2565 ablegata
2084 2466 2211 2540 Obser·
2303 2524 2310 2534 .

690 2593 861 2666 vatorium
892 2589 1178 2676 astronomicum,
1211 2587 1269 2662 cui
1297 2593 1432 2686 praeest
1462 2587 1515 2660 vir
1534 2586 1630 2686 apud
1653 2592 1825 2661 nostrates
1852 2593 1888 2661 et
1909 2594 2045 2660 exteros
2069 2585 2213 2660 clarissi-

690 2737 791 2800 mus,
826 2720 899 2786 tam
932 2709 1056 2812 grandi
1080 2709 1220 2784 nomine
1244 2706 1429 2806 indignum
1453 2731 1529 2781 esse
1553 2707 1788 2782 interamnae
1812 2705 2022 2781 iamdudum
2044 2708 2213 2783 convenit.

691 2833 862 2906 Muscam
881 2799 1063 2930 physicum
1089 2835 1125 2902 et
1144 2817 1627 2948 Laboratorium‘chemicum
1649 2826 1707 2900 vix
1730 2825 1856 2900 melina
1880 2832 1964 2900 sunt
1978 2824 2094 2900 habita
2107 2851 2215 2925 quam

692 2949 920 3025 Bibliotheca.
970 2950 1014 3022 In
1041 2948 1085 3022 iis
1106 2971 1246 3046 quoque
1265 2972 1336 3021 non
1361 2946 1445 3022 satis
1466 2954 1520 3021 est
1541 2947 1664 3046 spatii,
1695 2952 1735 3021 ut
1763 2946 1857 3021 varia
1882 2946 2113 3020 instrumenta
2134 2955 2215 3047 apte

692 3068 850 3144 collocari
882 3067 1016 3168 possint
1040 3075 1145 3170 atque
1170 3066 1292 3166 gnavis
1315 3066 1501 3142 iuvenibus
1523 3067 1807 3142 exercitationum
1832 3066 2214 3166 experimentorumque

692 3187 927 3296 faciendorum
959 3187 1091 3263 occasio
1123 3186 1168 3260 sit
1205 3186 1297 3262 data.
1356 3187 1457 3261 Idem
1488 3187 1721 3287 denique-
1753 3211 1866 3284 neque
1899 3187 1979 3286 quis
2010 3187 2120 3262 credit
2152 3211 2214 3287 pro

691 3308 759 3382 aris
783 3315 819 3382 et
842 3307 927 3382 focis
951 3331 1007 3382 me
1031 3331 1208 3407 pugnare,
1234 3307 1328 3381 idem
1351 3306 1422 3381 fere
1447 3307 1537 3382 valet
1561 3307 1605 3382 de
1629 3307 1837 3382 Nosocomio
1860 3307 2066 3383 academico.

743 3427 813 3502 Sed
842 3453 1024 3527 parcamus
1059 3427 1227 3527 querelisl
1263 3451 1361 3526 spem
1396 3428 1488 3502 enim
1524 3427 1604 3503 licet
1637 3428 1815 3528 concipere
1847 3453 1962 3527 neque
1990 3429 2214 3504 immaturam

689 3573 803 3647 neque
836 3550 1072 3638 temerariam,
1106 3547 1177 3623 fore
1211 3552 1252 3622 ut
1286 3572 1366 3621 mox
1399 3572 1640 3648 quaecumque
1669 3550 1739 3624 iam
1764 3556 1847 3623 aunt
1871 3573 1994 3624 manca
2024 3557 2060 3624 et
2092 3549 2212 3622 vitiosa

690 3669 905 3768 corrigantur
939 3675 975 3742 et
998 3669 1236 3768 suppleantur.
1285 3667 1496 3742 Academiae
1523 3669 1615 3744 enim
1642 3669 1844 3759 Curatores,
1878 3669 1943 3743 viri
1969 3668 2212 3754 illustrissimi,

692 3789 754 3887 qui
775 3789 863 3862 nihil
886 3813 1006 3862 eorum
1028 3788 1282 3887 praetervident
1306 3786 1400 3862 unde
1426 3788 1637 3863 Academiae
1662 3789 1808 3864 salutem
1829 3788 1986 3864 iudicant
2007 3788 2156 3888 pendere
2176 3793 2213 3860 et

691 3910 832 3995 florem,
857 3906 951 3981 hisce
979 3905 1163 3980 sarciendis
1188 3906 1325 3980 demnis
1348 3931 1487 3981 omnem
1511 3909 1662 4008 lapidem
1685 3915 1886 3998 moverunt,
1917 3917 2023 4008 atque
2043 3908 2113 3983 nisi
2134 3931 2213 3982 mea

691 4053 749 4102 me
791 4051 869 4126 spes
909 4025 996 4100 fallit
1027 4026 1179 4101 multum
1214 4024 1286 4099 iam
1315 4033 1569 4122 promoverunt.
1620 4029 1727 4106 Quod
1765 4028 1828 4104 diu
1869 4029 2091 4128 multumque
2123 4036 2159 4103 et
2190 4053 2213 4101 a

691 4146 812 4221 multis
838 4143 1008 4244 agitatum
1036 4151 1088 4220 est
1113 4143 1313 4220 Nosooomii
1334 4145 1540 4221 Academici
1559 4148 1792 4248 amplificandi
1817 4150 2018 4238 consilinm,
2051 4149 2116 4222 hoe
2139 4147 2211 4221 iam

691 4268 727 4340 in
751 4291 792 4340 eo
826 4273 879 4340 est
902 4272 943 4339 ut
965 4273 1130 4365 patretur.
1181 4264 1278 4340 Huic
1302 4267 1511 4342 exstruendo
1536 4268 1692 4344 aedificio
1719 4269 1921 4369 propediem
1944 4293 2067 4344 manus
2090 4267 2212 4342 admo·

692 4387 882 4477 vehuntur;
916 4384 1172 4498 chemiaeyero
1194 4393 1230 4461 et
1254 4386 1417 4487 physicae
1442 4388 1617 4465 docendae
1641 4389 1797 4465 aedificia
1817 4390 2034 4489 assignatum
2063 4387 2107 4460 iri
2137 4411 2212 4461 ma·

691 4507 745 4606 gis
778 4507 922 4594 idonea,
955 4531 1050 4605 spem
1075 4507 1250 4594 levemus,
1281 4507 1377 4581 haud
1398 4507 1514 4598 illam,
1539 4534 1749 4609 precamur,¹
1764 4532 1898 4584 vanam.
1948 4509 2123 4608 Magnum
2145 4507 2213 4581 fert

694 4649 813 4698 rumor
841 4623 1036 4700 aedilicium
1066 4625 1110 4699 iri
1140 4625 1341 4716 conditum,
1374 4636 1409 4702 et
1441 4629 1497 4702 bis
1526 4629 1716 4729 disciplinis
1752 4637 1787 4703 et
1819 4629 1994 4705 docendae
2018 4627 2213 4703 anatomiae

693 4744 921 4832 destinatum3
958 4751 993 4818 et
1027 4745 1056 4818 si
1087 4768 1206 4820 verum
1241 4753 1310 4836 est,
1343 4749 1438 4847 quod
1468 4775 1588 4825 verum
1608 4774 1683 4825 esse
1708 4756 1744 4825 et
1767 4751 1927 4849 cupimus
1953 4757 1990 4824 et
2018 4747 2212 4835 credimus,

611 4866 613 4892 ¹
692 4865 811 4940 cadem
842 4888 945 4964 opera
977 4891 1130 4965 pressae,
1164 4891 1296 4966 suaque
1318 4869 1560 4970 magnitudine
1584 4871 1754 4948 laboranti
1788 4870 2024 4947 Bibliothecae
2049 4891 2211 4968 prospec-
