4892 6184
879 669 1157 739 ORATIO.
1732 671 1773 736 27

307 875 471 950 Gratulor
510 873 598 965 tibi,
636 873 864 952 ornatissime
903 877 1054 954 Kamul
1090 877 1228 956 felicem
1257 873 1553 974 honorificumque
1576 875 1773 950 certaminis

260 994 440 1069 eventum!
473 995 666 1070 Asaecutus
686 1018 725 1071 es
747 994 875 1073 honoro
894 1006 931 1074 et
949 999 1122 1098 praemio,
1144 998 1240 1099 qnod
1259 994 1327 1071 tibi
1345 994 1462 1084 uado,
1488 1001 1529 1070 ut
1546 995 1591 1070 de
1611 1017 1773 1070 successu

258 1113 453 1188 studiorum
486 1121 628 1190 tuorum
669 1115 829 1216 laetoque
866 1119 1104 1220 profectuum,
1146 1120 1252 1196 etiam
1279 1117 1399 1193 futuro
1433 1125 1610 1216 tempore,
1645 1121 1773 1188 eventu

256 1231 345 1307 bene
369 1234 532 1334 augrnari
559 1242 595 1310 et
619 1236 693 1335 ipae
718 1237 828 1336 possis
852 1244 887 1313 et
912 1239 1046 1338 possint
1068 1244 1304 1339 praeceptores
1330 1235 1415 1326 tui„
1438 1235 1541 1311 amici
1565 1242 1601 1309 ot
1627 1232 1771 1310 commi·

132 1409 150 1414 ..
258 1351 402 1442 litones,
427 1379 515 1451 quos
541 1381 611 1432 non
636 1357 843 1434 mediocrem
864 1359 1013 1435 laetitiae
1038 1366 1073 1433 et
1094 1355 1322 1435 iucunditatis
1337 1355 1491 1430 fluctum
1512 1379 1556 1430 ex
1577 1360 1639 1428 tua
1663 1352 1770 1427 victo·

255 1470 308 1546 ria
335 1471 424 1548 farre
455 1475 561 1552 rides.
610 1478 653 1566 I,
688 1478 916 1554 Omctissime
948 1480 1100 1554 Knnrrrl
1131 1479 1244 1552 fruere
1272 1477 1362 1550 laeta
1384 1475 1449 1550 hac
1472 1472 1635 1562 victorio,
1669 1472 1770 1548 cuius

254 1597 290 1662 et
316 1591 399 1666 olim
430 1596 628 1671 meminisse
652 1603 687 1671 te
710 1597 816 1674 iuvet.

300 2067 382 2142 Non
398 2068 545 2168 contigit
559 2067 641 2158 tibi,
660 2059 888 2146 Omatissime
901 2072 1170 2148 munerasset
1192 2093 1406 2170 quamquam
1419 2075 1559 2146 smenue
1570 2074 1606 2144 et
1617 2069 1769 2144 mascrde

252 2189 474 2263 contendenti
498 2189 650 2287 palmam
673 2191 832 2288 arripere.
882 2193 958 2266 Nec
980 2199 1097 2266 tamen
1122 2192 1218 2266 Ordo
1242 2191 1332 2266 nihil
1353 2190 1506 2266 tribuere
1531 2190 1639 2266 videri
1661 2189 1770 2266 voluit

250 2308 441 2383 industriae
464 2317 500 2383 et
525 2308 654 2397 labori,
679 2333 783 2408 quem
806 2310 843 2386 in
862 2309 1018 2384 libellum
1041 2315 1143 2383 tuum
1163 2309 1377 2385 exarandum
1396 2310 1615 2409 impendisti,
1648 2310 1768 2408 itaque

249 2427 401 2502 nominis
437 2427 491 2500 tui
524 2425 663 2524 publica
696 2429 871 2522 mentione
905 2428 1197 2526 promulgandum
1231 2454 1306 2503 esse
1340 2428 1500 2505 decrevit.
1543 2427 1651 2506 Quod
1671 2427 1769 2502 Ordo

251 2545 294 2620 de
327 2553 362 2619 te
395 2543 623 2620 honorificum
656 2543 753 2619 dedit
784 2546 1045 2634 testimonium,
1090 2570 1134 2620 ex
1167 2547 1274 2622 animi
1305 2548 1476 2622 sententia
1500 2547 1567 2622 tibi
1594 2545 1766 2646 gratulor!

255 2663 375 2738 Prima
415 2669 620 2761 sequentem
657 2662 843 2740 honestum
887 2671 940 2739 est
980 2665 1017 2738 in
1059 2664 1220 2739 secundia
1267 2664 1464 2740 subsistam.
1528 2663 1656 2738 Fecisti
1696 2664 1769 2738 iam

251 2782 378 2858 virium
405 2789 548 2858 tuarum
579 2783 791 2884 periculum,
829 2809 938 2884 eoque
969 2785 1047 2884 ipso
1075 2784 1167 2860 viam
1195 2783 1262 2858 tibi
1284 2784 1433 2883 parasti,
1458 2808 1499 2859 ac
1521 2781 1698 2882 proluaiati
1721 2781 1768 2857 ad

248 2903 446 3001 praemium
472 2901 538 2979 alio
562 2928 655 2980 anno
678 2905 870 2982 ferendum.

297 3379 369 3455 Vos
392 3381 562 3480 denique,
597 3382 819 3458 Ornatissimi
845 3383 1015 3458 Iuvenes!
1051 3381 1261 3460 Academiae
1284 3389 1422 3459 nostrae
1444 3381 1536 3460 citas
1564 3380 1766 3482 patriaeque

249 3503 347 3602 spes!
374 3501 486 3576 laetus
510 3502 697 3600 compello!
1042 3596 1045 3602 ¹

296 3621 362 3694 Est
387 3621 500 3711 enim,
534 3645 604 3720 quo
626 3646 833 3721 magnopere
864 3623 969 3697 laeter
992 3627 1097 3719 atque
1119 3620 1267 3719 gestiam
1295 3622 1411 3694 animo
1433 3644 1532 3709 meo,
1565 3641 1625 3692 voa
1653 3641 1766 3717 quum

248 3740 384 3814 intueor
421 3749 525 3840 atqua
561 3742 738 3830 recordor,
773 3741 893 3838 quales
928 3741 993 3812 hoc
1026 3761 1117 3811 anno
1150 3762 1209 3811 vos
1242 3738 1491 3836 praestiteritis.
1541 3735 1677 3835 Dignos
1703 3761 1764 3811 vos

248 3860 468 3950 ostendistis,
503 3861 583 3960 qui,
614 3861 741 3936 civium
767 3859 1041 3934 academicorum
1065 3879 1191 3932 nomen
1218 3857 1352 3945 meriti,
1385 3857 1543 3932 libertate
1568 3855 1764 3932 academica

247 3979 420 4054 fruamini.

295 4099 378 4173 Non
411 4122 554 4196 possum
586 4098 678 4198 quin.
706 4096 871 4172 memoria
898 4104 1075 4196 repetens,
1102 4095 1275 4195 quomodo
1302 4094 1406 4171 hocca
1433 4119 1545 4184 auno,
1579 4119 1649 4194 quo
1676 4094 1763 4170 mihi
1811 4148 1814 4154 -

247 4219 455 4293 Academiae
490 4217 600 4294 fasces
634 4227 731 4294 erant
766 4217 957 4306 commissi,
997 4216 1104 4292 vitam
1128 4215 1368 4306 institueritis,
1403 4223 1439 4290 et
1470 4239 1679 4314 magnopere
1700 4238 1762 4287 vos

249 4337 393 4437 probem
419 4346 455 4413 et
478 4339 610 4438 optima
634 4363 791 4437 quaeque
817 4337 860 4412 de
885 4337 982 4411 vobis
1009 4361 1153 4436 sperem.

297 4459 423 4556 Neque
456 4458 583 4533 hancce
612 4483 748 4548 meam,
782 4483 888 4559 quam
913 4458 1010 4534 robis
1032 4457 1229 4557 impertior,
1263 4453 1560 4560 laudem‘abiicita
1584 4458 1626 4527 ut
1650 4452 1762 4526 levem

247 4577 435 4652 futilemve.
486 4577 615 4652 Scitote
639 4579 791 4652 enimet
817 4603 1019 4678 persuasum
1042 4578 1139 4654 vobis
1162 4577 1342 4664 habetote,
1367 4573 1534 4663 eundem,
1559 4596 1665 4672 quem
1689 4571 1761 4646 ism

247 4697 386 4797 publice
406 4722 465 4772 vos
489 4695 684 4796 praedicare
702 4698 883 4798 insigniter
907 4698 1021 4790 iuvat,
1046 4697 1182 4774 silentio
1201 4721 1272 4772 non
1292 4694 1400 4772 fuisse
1419 4692 1761 4794 praetermissurum,

250 4817 279 4891 si
302 4818 372 4893 vita
396 4823 508 4894 vestra
532 4815 649 4892 minus
672 4816 850 4915 probanda
873 4818 960 4894 mihi
983 4824 1075 4893 esset
1097 4817 1179 4894 visa.

1469 4935 1520 5007 4*
