4892 6184
880 690 1158 761 osar10.
1262 706 1265 713 '
1712 690 1778 760 285

264 896 373 972 animi
402 895 667 973 oblectationem
698 892 911 985 reiiceretus,
945 897 1074 996 quibus
1100 903 1233 972 utnon
1256 896 1369 983 omnis
1394 894 1445 970 vis
1472 896 1704 987 detrahenda,
1730 897 1780 973 sic

264 1015 377 1092 multo
404 1016 522 1091 minus
547 1015 656 1091 nimia
684 1014 916 1113 permittenda
940 1023 1034 1091 sunt.
1091 1014 1227 1090 Deinde
1254 1016 1284 1090 si
1308 1015 1423 1091 studia
1449 1016 1550 1091 nobis
1580 1023 1718 1106 nostra,
1745 1023 1781 1091 et

265 1133 417 1211 laborem
441 1134 678 1214 adhibendum
704 1134 898 1235 denegant,
929 1135 1058 1209 iniuste
1078 1132 1249 1223 lacerent,
1273 1134 1341 1209 nisi
1365 1134 1530 1240 qmnibus
1554 1134 1657 1210 simul
1679 1120 1785 1215 etde«

265 1263 344 1328 rent
369 1254 465 1344 istis,
496 1254 559 1353 qui
586 1255 785 1335 etiamnunc
805 1254 942 1331 fructus
970 1254 1187 1353 antiquitatis
1211 1254 1399 1343 exsistunt,
1429 1254 1483 1328 vel
1505 1278 1594 1353 quse
1617 1280 1659 1329 ex
1679 1255 1780 1329 istius

266 1372 459 1448 imitatione
494 1373 622 1450 luerint
657 1373 823 1463 formata,
860 1384 897 1449 et
928 1374 1056 1451 bonam
1089 1374 1221 1473 ingenii
1253 1373 1430 1449 excolendi
1464 1380 1616 1473 partem,
1651 1382 1690 1449 ut
1716 1375 1781 1449 hoc

267 1516 381 1568 unum
404 1493 539 1582 dicam,
562 1494 735 1570 amittent.
777 1495 864 1570 ,Hoc
889 1519 967 1570 vero
987 1494 1063 1568 fieri
1088 1500 1162 1568 tam
1187 1493 1379 1568 absurdum
1402 1502 1470 1583 est,
1499 1502 1539 1568 ut
1562 1494 1615 1568 vel
1638 1493 1782 1593 cogitari

267 1638 337 1688 non
370 1622 494 1711 queat;
526 1613 583 1688 hic
607 1613 716 1713 igitur
745 1615 845 1689 firmo
875 1614 946 1688 iam
970 1613 1167 1690 invenimus
1192 1612 1419 1689 fundamenta
1453 1612 1558 1687 simul
1589 1612 1783 1687 studiorum

268 1740 484 1820 nostrorum,
517 1739 553 1805 et
586 1732 746 1807 utilitatis
774 1714 1205 1808 certissimsdocumenta.
1255 1732 1353 1807 Haec
1384 1739 1501 1807 eutem
1525 1733 1641 1807 omnis
1663 1733 1784 1809 adesse

269 1875 340 1925 non
374 1858 537 1949 poterunt
568 1850 752 1926 adversarii
787 1874 931 1951 negare:
956 1851 994 1926 id
1025 1851 1262 1940 contendunt,
1291 1876 1359 1925 non
1384 1859 1479 1926 tants
1505 1852 1585 1927 hino
1608 1853 1721 1941 nasci,
1746 1860 1786 1925 ut

270 1968 325 2044 his
356 1968 548 2044 iuventutis
571 1969 744 2045 institutio
766 1979 1044 2069 superstruatur,
1068 1978 1109 2046 ut
1131 1971 1215 2046 haec
1240 1971 1331 2059 sint,
1356 1996 1445 2071 quae
1471 1971 1607 2046 tenellis
1633 1972 1786 2071 primum
1893 2060 1896 2067 g

271 2088 417 2175 animis,
441 2059 478 2162 ‘ee
500 2112 582 2164 mos
603 2089 895 2165 efflorescentibus
920 2098 1001 2190 apte
1030 2090 1231 2179 trademus,
1256 2098 1296 2164 ut
1323 2097 1465 2187 possent
1491 2090 1557 2165 rite
1584 2090 1723 2165 formari
1752 2099 1788 2163 et

272 2208 322 2283 sic
345 2207 448 2282 etism
473 2233 493 2282 e
521 2208 667 2284 surculis
691 2208 829 2284 arbores
853 2208 958 2283 nasci.
1007 2208 1217 2297 Videamus,
1244 2208 1331 2307 quid
1356 2208 1406 2283 rei
1431 2208 1486 2285 sit.
1538 2208 1644 2289 Quod
1670 2216 1789 2289 autem

272 2336 315 2401 ut
346 2328 426 2414 fiat,
458 2335 616 2403 accurate
646 2327 751 2403 simul
777 2323 812 2403 et
843 2329 1021 2428 perspicue
1052 2329 1239 2404 dicendum
1269 2334 1337 2416 est,
1363 2327 1449 2427 quid
1480 2328 1592 2403 velim.
1615 2327 1734 2426 uio,
1751 2328 1789 2401 in

273 2453 392 2523 nostra
414 2447 526 2546 petria
548 2447 637 2522 hanc
660 2448 898 2538 iuventutem,
922 2449 1016 2523 unde
1041 2448 1151 2523 bonos
1177 2448 1286 2535 cives,
1312 2455 1347 2522 et
1369 2448 1463 2523 culta
1487 2447 1626 2547 ingenia
1650 2471 1788 2546 exspec-

275 2574 411 2654 tamus,
447 2566 522 2640 sine
555 2566 679 2641 litteris
710 2574 747 2642 et
779 2567 951 2643 variorum
986 2592 1185 2643 sermonum
1218 2566 1342 2642 notitia
1376 2566 1513 2641 institui
1545 2568 1687 2645 omnino
1720 2592 1791 2641 non

274 2708 395 2785 posse;
432 2686 500 2759 iam
540 2710 704 2785 magnam
737 2710 858 2761 eorum
890 2695 1044 2785 portem,
1079 2688 1109 2762 si
1143 2707 1305 2763 numeros
1339 2694 1555 2787 spectamus,
1584 2688 1691 2763 immo
1712 2711 1793 2763 vero

275 2803 599 2881 excellentissimam
631 2805 736 2894 forte,
769 2808 800 2881 si
831 2808 952 2884 altiora
977 2808 1194 2908 quaerimus,
1219 2807 1373 2906 antiquis
1398 2808 1452 2881 his
1483 2807 1605 2883 litteris
1628 2832 1703 2883 esse
1726 2808 1791 2881 im·

275 2924 474 3012 tuendam,
499 2924 585 3022 quin
608 2924 764 3025 undique
786 2927 1029 3018 erudiendam,
1054 2928 1138 3003 haec
1168 2932 1286 3003 autem
1318 2950 1393 3001 esse
1417 2950 1512 3014 vers,
1546 2934 1624 3001 tum
1658 2926 1688 2999 si
1715 2925 1792 2997 uni-

278 3066 535 3119 verseomnem
556 3043 664 3119 animi
683 3045 836 3134 cultum,
860 3055 938 3121 tum
961 3047 991 3122 ai
1013 3071 1055 3122 ea
1077 3052 1290 3145 spectemus,
1314 3044 1351 3118 in
1374 3043 1504 3144 quibus
1527 3043 1657 3143 singuli
1675 3050 1796 3142 postea

279 3162 370 3239 vitae
392 3170 522 3263 ponent
545 3162 735 3253 curricula,
769 3165 854 3264 quin
881 3165 990 3240 immo
1012 3164 1087 3240 sine
1110 3164 1166 3239 his
1189 3163 1313 3239 litteris
1337 3188 1545 3263 magnopere
1569 3162 1794 3238 imminutum

261 3283 322 3357 iri
356 3282 668 3383 exspectationem,
705 3283 778 3358 lore
813 3292 859 3359 ut
884 3290 1026 3385 possent
1059 3284 1124 3359 hoe
1157 3284 1195 3357 in
1231 3291 1436 3381 argumento
1468 3281 1655 3379 unicuique
1689 3305 1795 3379 quom

278 3401 458 3502 aptissima
487 3400 696 3500 contingere.
759 3404 861 3481 Quae
894 3401 1122 3476 demonstrari
1155 3401 1300 3475 sortasse
1332 3398 1429 3474 brevi
1460 3400 1524 3474 hoo
1557 3400 1662 3475 unius
1691 3400 1795 3475 horae

279 3520 391 3620 spatio
420 3542 491 3594 non
527 3526 710 3618 poterunt,
745 3526 782 3596 at
810 3526 957 3619 possum
988 3518 1207 3611 adumbrari,
1244 3524 1390 3619 possunt
1413 3517 1568 3593 ¹fortasse
1599 3517 1795 3594 verisimilia

279 3638 393 3714 evinci
419 3638 534 3715 iudice
564 3639 696 3739 optimo
721 3662 870 3738 quoque.
922 3638 1028 3718 Quod
1062 3638 1092 3713 ai
1124 3639 1255 3714 factum
1282 3636 1407 3727 fuerit,
1432 3636 1515 3713 satis
1540 3660 1713 3737 superque
1740 3638 1792 3713 lu·

278 3766 394 3851 cratus
419 3755 487 3833 ero.

354 3877 490 3978 Negavi
511 3876 619 3977 igitur
640 3876 748 3953 ullam
766 3900 842 3953 esso
858 3877 896 3952 in
916 3878 1029 3978 patris
1049 3883 1168 3952 nostra
1186 3874 1458 3967 institutionem,
1483 3900 1572 3976 quae
1595 3876 1737 3975 quidem
1758 3875 1795 3951 id

280 4021 408 4074 nomen
428 4004 596 4085 meretur,
614 4004 651 4071 et
668 4020 739 4072 non
757 4021 885 4098 magna
901 4022 944 4073 es
961 4003 1059 4097 parte
1075 4003 1209 4073 constet
1225 4020 1246 4071 e
1264 4019 1461 4072 sermonum
1479 3996 1611 4072 notitia.
1635 3996 1795 4072 Vivimus

281 4119 321 4193 in
341 4116 481 4217 regione
507 4116 720 4193 nobilissima
741 4116 906 4217 quidem,
930 4123 967 4191 ct
987 4115 1208 4192 celeberrima
1230 4115 1517 4215 felicissimaque,
1542 4116 1604 4192 sed
1627 4139 1732 4215 parva
1754 4140 1796 4191 ea

282 4245 319 4313 et
341 4261 431 4336 quae
455 4260 549 4311 nuno
571 4236 694 4312 saltem
713 4260 825 4337 genus
848 4236 1043 4313 humanum
1066 4260 1138 4312 non
1161 4234 1259 4312 ducit
1280 4235 1325 4311 ad
1355 4236 1513 4324 meliors,
1540 4234 1602 4309 sed
1627 4258 1795 4335 magnum

284 4355 441 4455 sequitur
456 4357 557 4431 illum
573 4362 740 4446 tractum,
754 4381 861 4457 quem
879 4356 1053 4457 ingressae
1071 4363 1154 4431 sunt
1171 4354 1429 4456 potentissimos
1447 4354 1613 4430 nationes.
1647 4352 1797 4431 Etiamsi

283 4476 338 4550 vel
362 4474 462 4573 plura
487 4474 588 4550 nobis
611 4475 782 4566 laverent,
815 4476 880 4554 hoc
905 4476 1026 4577 neguri
1045 4474 1117 4563 iani
1145 4474 1286 4575 nequit,
1311 4480 1347 4550 et
1372 4481 1530 4549 nostrum
1552 4472 1695 4573 quidem
1719 4498 1796 4550 esse

284 4594 400 4670 locum
430 4594 468 4668 in
498 4593 712 4671 humanitate
742 4593 996 4695 promovenda,
1027 4593 1090 4669 sed
1116 4616 1219 4682 eum,
1247 4600 1310 4691 pr‘o
1340 4590 1607 4691 exiguonostso
1629 4614 1795 4681 numero,

285 4737 399 4812 nequo
428 4714 630 4812 primarium
661 4739 736 4791 asse
763 4738 877 4815 neque
901 4736 1080 4813 magnum.
1137 4710 1274 4787 Deinde
1297 4709 1434 4788 etiamsi
1457 4710 1565 4785 maior
1589 4708 1646 4789 ille
1669 4717 1798 4785 oetero-

287 4832 372 4931 quin
407 4857 482 4909 ease
516 4835 791 4934 possit,'cbstat
817 4833 928 4935 ipsius
957 4833 1066 4911 nostri
1095 4831 1262 4910 sermonis
1293 4830 1480 4931 ignoratio,
1512 4828 1574 4931 qui
1599 4828 1800 4907 addiscendi
