4892 6184
692 628 758 697 286
1294 630 1331 697 B.
1363 628 1394 701 J.
1427 628 1615 707 urunt,

691 836 932 917 nnmerum
958 835 1103 935 praebet
1126 835 1279 935 aliquam
1303 844 1358 941 et
1369 834 1582 912 difficultatis
1614 832 1812 935 opinionem
1835 835 1947 912 multo
1970 838 2077 915 etium
2099 842 2204 917 maio-

690 980 777 1033 rena
823 956 952 1045 Porro,
978 954 1152 1055 quidquid
1181 956 1370 1047 iaciamus,
1396 956 1462 1033 hoc
1482 956 1554 1031 iere
1577 962 1712 1031 certum
1740 962 1815 1045 est,
1838 962 2080 1035 extensarum
2104 982 2203 1037 uum·

690 1072 2096 1175 qndmnisipaucissimosnostrisermonienotitiamsibicomparsturou
2146 1080 2207 1155 Sin

690 1194 799 1295 igitur
821 1218 904 1270 cnm
925 1194 1097 1270 extraneis
1121 1196 1234 1271 virere
1257 1194 1439 1296 cupimus,
1463 1200 1506 1269 ut
1529 1192 1717 1269 vivendum
1740 1198 1814 1281 est,
1837 1194 1940 1269 nobis
1963 1195 2119 1294 ipsorum
2142 1198 2206 1273 lin·

690 1338 782 1415 gnae
810 1314 1042 1393 addiscendae
1066 1324 1170 1405 sunt,
1201 1324 1239 1391 et
1265 1314 1316 1390 ita
1343 1338 1425 1391 cnm
1448 1313 1534 1415 ipds
1555 1313 1682 1413 poterit
1707 1312 1964 1389 communicari
2015 1316 2091 1391 Nos
2113 1318 2205 1393 enirn

687 1432 914 1533 paucissimos
937 1441 974 1510 et
999 1433 1071 1511 fere
1095 1436 1272 1537 neglectos
1293 1434 1441 1535 cingunt
1461 1442 1498 1509 et
1522 1440 1687 1534 premunt
1710 1440 1832 1533 gentes
1858 1440 1928 1509 tres
1947 1434 2204 1534 potentissimae

687 1562 724 1629 ct
756 1553 795 1630 in
827 1554 903 1630 dies
932 1553 1004 1631 iere
1036 1555 1267 1655 potentiores,
1298 1562 1335 1631 et
1367 1553 1540 1655 quidquid
1567 1552 1819 1630 humanitatem
1846 1554 2052 1653 cultumque
2075 1556 2203 1656 ingenii

687 1680 884 1773 promovet,
915 1674 953 1750 id
983 1674 1055 1751 iere
1077 1699 1141 1775 per
1160 1700 1220 1751 cas
1240 1682 1363 1777 gentes
1386 1676 1523 1776 agitur,
1546 1698 1637 1773 qnae
1656 1668 1758 1749 nobis
1777 1672 1877 1749 facile
1898 1684 2055 1765 carenni,
2077 1676 2203 1776 quibm

686 1818 751 1870 nos
777 1818 892 1871 carere
915 1819 987 1872 non
1010 1820 1207 1895 possumus.
1257 1794 1462 1871 Oarehimns
1490 1801 1611 1870 autern
1641 1818 1683 1869 eo
1705 1792 1843 1883 minua,
1875 1794 1972 1893 quod
1995 1794 2061 1871 hoc
2084 1795 2200 1872 effece-

686 1923 769 1990 runt
800 1915 912 1991 nostri
942 1914 1108 2015 temporis
1139 1915 1410 2015 praeclarissima
1438 1914 1593 2004 invente,
1627 1920 1669 1989 nt
1692 1938 1734 2023 ea
1760 1914 1834 1989 iere
1861 1914 1981 1990 omnia
2006 1922 2201 2005 manerent,

685 2034 815 2133 quibua
836 2058 964 2135 magna
986 2034 1132 2135 imperia
1152 2035 1268 2135 parvis
1289 2041 1484 2135 praestant,
1508 2034 1596 2109 dum
1616 2033 1886 2135 propinquitatis
1907 2034 2090 2111 commoda
2109 2034 2200 2111 haud

683 2176 808 2252 parum
838 2152 1026 2229 imminuta
1062 2154 1152 2245 sint,
1186 2154 1273 2231 dum
1306 2156 1497 2254 spatiorum
1524 2154 1703 2230 diversitas
1731 2161 1768 2229 et
1798 2154 1960 2229 remotior
1987 2155 2076 2229 situs
2103 2155 2200 2255 longe

682 2273 800 2349 minus
827 2298 935 2373 quam
957 2298 1070 2374 nuper
1091 2274 1191 2351 offert
1211 2275 1463 2375 impedimenti
1512 2276 1609 2365 Quae
1634 2298 1715 2350 cum
1740 2274 1791 2349 ite
1813 2282 1915 2363 sunt,
1944 2274 2010 2351 hoc
2029 2274 2101 2351 iere
2124 2298 2201 2349 con·

680 2392 823 2469 tendere
844 2391 981 2484 licebit,
1000 2396 1170 2495 populum
1192 2403 1352 2471 nostrum
1373 2418 1444 2471 non
1463 2416 1565 2494 posse
1584 2394 1735 2493 amplius
1754 2394 1900 2469 aliorum
1918 2418 1994 2469 esee
2011 2394 2199 2483 momenti,

680 2513 719 2588 ni
743 2514 964 2590 humaniores
989 2514 1036 2591 ad
1062 2538 1174 2591 unum
1195 2538 1317 2591 omnes
1348 2537 1526 2590 sermones
1557 2513 1767 2613 Anglicnm,
1795 2512 1989 2602 Galhenm,
2021 2513 2199 2589 Germani·

679 2658 761 2709 enm
786 2634 871 2710 satis
899 2642 1100 2725 tenmmua,
1123 2658 1239 2735 neque
1261 2632 1327 2710 hoo
1357 2634 1446 2709 effici
1469 2632 1616 2733 poterit,
1640 2640 1682 2707 ut
1712 2630 1783 2707 iam
1813 2632 2001 2732 unicnique
2032 2632 2098 2707 erit
2126 2656 2200 2731 per·

684 2752 864 2853 spicuam,
891 2755 959 2831 nisi
982 2778 1146 2855 magnum
1172 2762 1308 2855 purtem
1331 2753 1560 2831 institutionis
1583 2754 1633 2829 sic
1660 2752 1851 2829 habeamur
1873 2760 2127 2853 comparatam,
2152 2756 2202 2829 uti

682 2874 875 2949 litterarum
905 2874 1102 2973 cognitione
1131 2871 1264 2951 nitatur
1273 2874 1388 2975 'tique
1414 2874 1562 2949 insistet.
1612 2870 1692 2949 Hac
1715 2872 1858 2949 demum
1882 2880 2020 2949 utentes
2045 2872 2084 2947 id
2107 2880 2200 2973 pote-

681 3000 766 3067 nmt
799 2991 955 3068 obtinere
990 2994 1132 3069 iuvenes
1165 2995 1293 3084 nostri,
1325 2994 1455 3093 quibus
1486 2992 1628 3070 omnino
1659 3016 1749 3093 opna
1780 3000 1849 3081 est;
1879 3002 1920 3068 ut
1949 2992 2079 3069 scilicet
2102 2994 2200 3069 nobis

682 3136 823 3213 quoquo
850 3113 1070 3189 innotescant
1096 3113 1266 3207 nobiliore
1295 3113 1490 3214 quaelibet,
1525 3138 1615 3214 quac
1645 3114 1736 3189 hunt
1759 3138 1782 3189 a
1803 3112 1968 3213 gentihus
1997 3137 2085 3212 qnaa
2111 3114 2200 3189 exei-

679 3232 770 3323 tavi,
795 3240 837 3307 ut
857 3255 928 3307 non
950 3232 1063 3333 possit
1082 3232 1119 3307 in
1144 3234 1220 3311 ulls
1244 3234 1419 3311 doctrines
1442 3234 1611 3333 artiumre
1636 3242 1753 3335 parte,
1774 3234 1828 3309 vel
1849 3232 2067 3309 inventorum
2091 3234 2200 3333 quod·

679 3376 785 3451 quam
817 3376 948 3451 genus,
977 3352 1032 3428 vel
1061 3376 1151 3429 noes
1182 3353 1329 3453 placita,
1361 3378 1451 3453 quae
1483 3354 1628 3454 quidem
1657 3360 1852 3431 memoratu
1884 3352 1991 3453 digna
2023 3360 2121 3441 sunt,
2146 3353 2198 3427 rei

679 3470 859 3570 opiniones
883 3470 1015 3547 vshdae
1044 3469 1235 3571 multisque
1257 3495 1459 3548 communes
1480 3481 1543 3547 aut
1570 3472 1678 3549 animi
1702 3472 1811 3549 nostri
1831 3471 2059 3548 attentionem
2083 3472 2198 3549 fallere

679 3597 741 3665 sut
764 3614 884 3667 eorum
911 3614 1036 3667 musae
1058 3616 1201 3691 prorsus
1225 3616 1247 3667 a
1271 3592 1373 3667 nobis
1395 3592 1556 3691 ignorari.
1606 3594 1683 3668 Iam
1711 3592 1805 3668 enim
1830 3602 1873 3668 ut
1901 3592 2014 3681 solus,
2040 3592 2096 3667 vel
2120 3614 2198 3667 cunr

679 3706 916 3807 paucissimis,
940 3732 1044 3784 nemo
1070 3708 1254 3784 humanior
1277 3708 1340 3783 diu
1367 3709 1477 3801 visere
1501 3710 1682 3785 commode
1702 3720 1836 3812 potest,
1864 3720 1903 3787 ut
1926 3711 2017 3787 soleo
2041 3735 2106 3787 nee
2128 3712 2197 3787 sin·

679 3824 841 3925 gulosum
875 3826 1040 3916 familiae,
1074 3850 1188 3927 neque
1212 3852 1318 3927 parva
1348 3828 1618 3905 necessariorum
1642 3852 1788 3920 manus,
1815 3831 1868 3906 vel
1896 3854 2004 3905 unum
2028 3830 2197 3931 oppidum

680 3943 746 4020 etsi
777 3944 1095 4044 splendidissimum
1122 3955 1238 4047 potest
1261 3953 1375 4022 totum
1405 3956 1563 4024 nostrum
1587 3949 1743 4025 animum
1770 3950 1948 4025 continere
1973 3948 2076 4047 eique
2102 3951 2194 4025 suffi-

679 4087 775 4154 cere,
809 4064 859 4139 sic
887 4086 933 4139 ne
967 4088 1039 4141 una
1070 4064 1213 4164 quidem
1243 4066 1457 4166 respublice3
1488 4092 1533 4144 ne
1555 4069 1648 4145 coeci
1669 4070 1795 4145 fiemus
1816 4077 1852 4145 et
1878 4070 1929 4144 nil
1955 4069 2194 4145 aemamusin

677 4193 856 4284 posterum
888 4183 956 4260 nisi
990 4184 1148 4285 proxima
1181 4210 1341 4286 quaeque
1372 4210 1482 4287 eaque
1512 4190 1656 4264 confusa
1686 4212 1752 4265 neo
1782 4190 1866 4266 sade
1897 4174 2071 4279 aeenrste,
2104 4188 2194 4267 ocuh

677 4303 782 4380 etiam
805 4303 843 4379 in
869 4303 1053 4381 remotiora
1075 4306 1298 4383 convertendi
1327 4314 1429 4398 sunt,
1462 4330 1572 4407 eaque
1604 4307 1823 4407 saepissime,
1856 4288 1989 4409 diuque
2016 4316 2052 4383 et
2084 4310 2193 4385 amice

676 4422 950 4523 contemplenda.

727 4542 758 4617 Ε
782 4542 900 4619 studio
924 4543 1116 4621 litterarum
1139 4544 1248 4646 igitur
1274 4545 1510 4646 proficiscatur
1531 4546 1757 4651 institutionis
1781 4572 1861 4648 pars
1885 4554 1921 4623 et
1946 4546 2041 4622 setis·
2055 4548 2189 4648 ampla,

678 4672 713 4737 et
744 4662 889 4739 maximi
909 4664 1032 4765 pretii,
1055 4664 1210 4764 itemque
1232 4664 1416 4758 duratura,
1439 4667 1555 4766 quoad
1579 4667 1659 4745 lieet
1681 4667 1849 4744 derebus
1872 4666 2034 4743 humenis
2054 4690 2188 4767 praese·

678 4780 753 4879 gire
776 4781 919 4881 aliquid.
967 4782 1034 4861 Illa
1058 4791 1177 4864 autem
1204 4784 1398 4864 litterarum
1426 4786 1542 4866 studio
1562 4788 1739 4888 quomodo
1766 4787 2005 4878 moderemur,
2028 4785 2082 4863 rel
2106 4810 2189 4885 que·
