4892 6184
892 699 1170 768 ORATIO.
1716 706 1787 772 ’179

273 917 348 981 esse
370 904 595 1004 periculosam
617 902 874 1004 terribilemque¹
895 908 1076 984 audaciam
1096 908 1298 1008 pronuntiat
1323 920 1429 1005 quam
1454 908 1603 984 bominis
1613 912 1780 1003 fanatici.-

271 1025 443 1124 Equidem
468 1049 602 1136 semper
626 1025 801 1123 professus
825 1052 923 1116 sum,
957 1029 1162 1104 Auditorest
1195 1052 1324 1103 errores
1346 1027 1526 1104 hominum
1548 1028 1644 1104 haud
1669 1027 1780 1114 mino·

272 1169 327 1218 res
349 1143 468 1242 generi
492 1143 645 1220 humano
669 1145 880 1222 calamitates
901 1147 1074 1246 peperisse
1094 1155 1199 1246 atque
1221 1171 1340 1245 parere
1361 1172 1467 1245 quam
1489 1156 1639 1245 peccata.
1680 1149 1781 1223 Idem

272 1261 395 1361 probat
416 1263 503 1338 iuris
525 1263 691 1338 naturalis
714 1264 865 1342 historia.
916 1267 988 1341 Diu
1010 1267 1247 1342 existimatum
1277 1273 1330 1340 est
1352 1274 1389 1340 et
1410 1267 1524 1342 adbuc
1547 1267 1781 1356 existimatur,
1875 1276 1879 1283 '

272 1380 316 1455 ab
342 1382 440 1457 unita
466 1382 681 1480 singulorum
705 1383 885 1460 hominum
910 1386 1106 1473 voluntate,
1139 1386 1200 1484 qui
1223 1385 1278 1460 sui
1300 1409 1441 1485 prorsus
1466 1385 1571 1474 iuria,
1601 1387 1781 1485 aequales,
1841 1368 1848 1378 ⁴

271 1525 371 1598 pares
395 1509 528 1588 essent,
564 1525 702 1576 omnem
726 1503 868 1576 omnino
892 1501 1109 1588 societatem,
1141 1525 1246 1575 omne
1265 1501 1407 1576 omnino
1430 1502 1636 1600 imperium,
1661 1527 1782 1584 amnes

271 1619 356 1694 iuris
389 1621 659 1696 necessitudines
693 1621 897 1718 repetenda,
931 1620 1122 1719 eademque
1153 1621 1317 1694 utilitates
1346 1629 1484 1696 tentum
1511 1646 1616 1696 causa
1643 1622 1782 1698 condita

271 1740 326 1815 vel
357 1741 497 1814 inventa
525 1764 618 1826 esse,
654 1762 862 1836 omnemque
891 1739 1173 1836 inaequalitatem
1197 1764 1217 1812 e
1242 1741 1406 1815 societate
1429 1741 1609 1817 hominum
1631 1766 1781 1818 muare.

271 1860 397 1955 Itaque
422 1882 527 1955 penes
549 1858 716 1955 populum
744 1851 860 1932 eiusce
881 1858 1112 1958 legislatorem
1138 1868 1207 1947 est,
1234 1859 1278 1933 de
1302 1860 1357 1935 his
1381 1860 1543 1935 omnibus
1567 1861 1781 1961 infinitisque

269 1976 345 2051 aliis
365 1974 556 2064 institutis,
590 2001 679 2074 quae
709 1976 805 2052 omni
833 2002 917 2052 aevo
948 1977 1111 2077 gentibus
1134 1979 1333 2055 eommunia
1356 1959 1524 2069 luerunt,
1544 1981 1708 2080 quoniam
1738 2006 1783 2054 ex

270 2095 418 2170 hominis
442 2102 566 2170 natura
586 2105 816 2195 provenerunt
841 2096 952 2196 qualis
978 2123 998 2172 a
1020 2098 1096 2172 Deo
1117 2107 1254 2173 creatas
1271 2106 1345 2188 est,
1370 2098 1476 2173 libere
1501 2106 1662 2175 statuere.
1697 2101 1781 2178 Qua

269 2214 306 2288 in
328 2239 365 2290 re
390 2215 440 2288 ito
464 2215 589 2290 versati
610 2223 694 2289 sunt
716 2222 757 2289 ut
775 2199 1069 2290 omnia‘dooerent
1085 2241 1175 2314 quae
1197 2225 1319 2316 sponte
1342 2217 1518 2295 ducuntur
1538 2242 1582 2292 en
1601 2218 1779 2317 opinione:

273 2365 291 2402 a
304 2335 460 2424 homines
488 2334 689 2410 naturaliter
713 2358 853 2432 prorsus
879 2359 953 2408 esse
982 2334 1195 2433 singulares,
1225 2359 1435 2432 omnemque
1466 2336 1552 2412 iuris
1583 2338 1782 2414 societatem

273 2455 399 2529 enasci
428 2479 447 2528 e
475 2454 617 2553 privatis
652 2453 833 2528 hominum
867 2451 1186 2526 conventionibus.’'
1236 2453 1361 2549 Itaque
1390 2451 1476 2526 iuris
1506 2453 1673 2528 naturalis
1706 2463 1779 2529 est:

274 2571 394 2648 arbona
428 2572 582 2647 defuncti
616 2571 736 2646 cedere
767 2572 921 2670 primum
950 2570 1171 2668 occupanti.”·
1216 2569 1314 2648 Quid
1345 2571 1439 2644 enim
1465 2570 1651 2646 absurdius
1676 2598 1784 2672 quam

269 2691 403 2766 homini
424 2691 480 2764 ius
502 2689 687 2765 concedere
712 2690 881 2763 derebus
905 2689 976 2763 suis
997 2696 1242 2788 postmortem
1265 2689 1498 2764 decernendi?
1523 2690 1669 2766 Cessent
1687 2694 1781 2768 enim

268 2811 385 2885 omnia
405 2810 483 2884 iura
506 2834 588 2884 cum
615 2811 694 2886 vita.
730 2810 955 2906 Consequens
977 2815 1050 2883 erat
1072 2816 1113 2882 ut
1133 2808 1320 2898 adderent,
1345 2808 1597 2886 successionem
1619 2811 1664 2885 ab
1690 2811 1779 2886 inte-

270 2936 360 3004 stato
392 2929 520 3028 pariter
553 2937 658 3028 atque
683 2955 726 3004 ex
752 2936 959 3003 testamento
988 2935 1105 3002 contra
1128 2935 1289 3004 naturam
1317 2953 1412 3003 esse:
1445 2928 1536 3016 imo,
1571 2953 1784 3027 quamquam

268 3055 391 3124 neutra
413 3049 591 3148 probanda
613 3050 675 3139 sit,
699 3049 795 3124 illam
817 3047 882 3124 bac
901 3047 1013 3145 magis
1033 3047 1297 3145 improbandam
1318 3047 1443 3121 viderie
1470 3048 1639 3122 successio
1662 3048 1707 3123 ab
1728 3049 1781 3124 in·

271 3175 395 3242 testato
416 3177 668 3267 praesumtum,
700 3167 958 3242 testamentaria
984 3191 1174 3264 repressam
1200 3165 1356 3241 defuncti
1381 3166 1594 3242 voluntatem
1621 3167 1782 3244 declarat.

269 3289 558 3388 Inaequalitatem
589 3288 738 3376 ordinis,
755 3287 973 3386 dignitatis,
1004 3287 1192 3374 bonorum,
1225 3285 1354 3360 iunium
1383 3287 1505 3360 malum
1539 3311 1615 3360 esse
1637 3289 1785 3364 affirma·

270 3406 373 3494 bant,
409 3407 503 3505 quod
535 3407 593 3481 alii
623 3407 691 3505 ipsi
714 3411 888 3495 societati,
922 3407 981 3481 alii
1005 3429 1121 3479 rerum
1139 3407 1368 3501 proprietati,
1387 3403 1438 3476 ·in
1469 3404 1630 3478 societate
1658 3405 1786 3481 iniuria
1908 3488 1912 3494 ,

185 3515 195 3522 “
271 3526 506 3615 introductae,
530 3527 760 3624 imputabant.
802 3526 911 3604 Quod
928 3524 1058 3599 malum
1081 3525 1134 3596 leia
1155 3521 1406 3609 necessarium,
1432 3524 1505 3596 illrir
1520 3546 1602 3596 cam
1619 3522 1784 3598 omnibus

272 3645 347 3719 cius
376 3645 489 3719 causis
514 3669 701 3743 earumque
723 3643 849 3718 effectu
868 3643 1036 3719 radicitus
1053 3641 1316 3738 exstirpandum
1338 3640 1529 3717 videbatur.
1566 3641 1782 3718 Cathedrarii

271 3763 468 3863 philosophi
500 3763 584 3838 haec
615 3763 784 3862 principio
808 3763 845 3835 in
877 3761 1070 3836 scholarum
1097 3761 1220 3835 umbra
1247 3759 1285 3833 in
1309 3758 1405 3832 libris
1425 3760 1551 3834 latim
1576 3751 1782 3858 plerumque

272 3883 392 3984 lingua
418 3883 618 3980 conscriptis
638 3881 854 3956 tradiderunt
878 3889 1044 3978 tanquam
1067 3879 1263 3955 indubitato
1286 3877 1372 3952 iuris
1395 3879 1562 3953 naturalis
1581 3887 1785 3978 praecepta,

272 4004 404 4102 optima
429 4003 518 4091 fide,
543 4026 604 4100 per
625 4002 754 4076 multos
777 4024 1017 4098 annosasque
1041 3999 1087 4074 ad
1105 4007 1259 4074 nostram
1280 4005 1450 4086 aetatem,
1474 3998 1511 4072 in
1534 3999 1693 4074 universa
1714 4000 1787 4076 lere

272 4125 429 4222 Europa,
456 4122 598 4220 placidis
622 4120 838 4196 auditoribus
864 4119 1118 4218 lectoribusque
1140 4117 1228 4192 nihil
1251 4118 1333 4192 mali
1358 4118 1626 4218 suspicantibus.
1673 4119 1787 4194 Simul

274 4250 392 4317 autem
427 4240 616 4317 fervidioris
651 4241 856 4316 exstiterunt
889 4239 1021 4341 ingenii
1054 4239 1210 4313 homines
1239 4238 1277 4311 in
1306 4239 1438 4325 Gallia,
1473 4238 1597 4324 Italia,
1632 4238 1784 4336 Anglia,

274 4361 454 4450 Ameriae,
477 4361 514 4435 in
541 4361 652 4460 patria
674 4368 791 4436 nostra
813 4359 1067 4461 (praecaeteris
1090 4359 1330 4445 Rossavrnnr,
1355 4358 1592 4444 Baccasran,
1612 4356 1786 4432 Parnrnu

274 4488 442 4574 memoro)
481 4481 542 4579 qui
572 4480 794 4580 popularibus
826 4480 961 4580 scriptis
993 4480 1066 4554 suis
1099 4477 1223 4552 similia
1251 4501 1390 4575 prorsus
1419 4499 1548 4573 magna
1571 4467 1796 4572 eloquentia,

274 4601 463 4699 elegantia,
477 4600 661 4690 ‘audentia
683 4599 836 4674 centenis
857 4599 1006 4674 millenis
1031 4596 1229 4673 hominibus
1251 4620 1313 4694 per
1333 4601 1446 4669 totum
1471 4601 1640 4668 terrorum
1665 4593 1785 4668 orbem

275 4720 612 4794 commendaverunt.
638 4719 737 4798 Quid
756 4719 849 4795 enim
870 4718 1077 4818 simplicius,
1094 4715 1305 4805 evidentius,
1325 4717 1372 4791 od
1389 4713 1624 4814 ignorantium
1642 4720 1785 4812 captum

277 4839 567 4916 accommodatius
593 4839 736 4940 cogitari
761 4846 875 4939 potest
907 4863 1012 4938 quam
1043 4861 1161 4914 eorum
1191 4836 1295 4912 series
1317 4836 1640 4936 placitarumque
1664 4841 1787 4933 sponte

358 4975 361 4980 ’
1471 4954 1548 5029 23*
1682 4981 1686 4987 ·
