4892 6184
561 1659 784 1722 AUDITORES
805 1658 1099 1723 srucramssrul
1117 1659 1437 1724 EXOPTATISSIMH

395 2157 470 2265 Eu
503 2190 568 2266 hoc
603 2213 698 2264 more
730 2191 900 2264 maiorum
927 2189 1129 2264 institutum
1161 2196 1197 2263 et
1224 2188 1391 2266 diuturno
1415 2213 1483 2264 usu
1507 2189 1700 2279 sancitum,
1736 2197 1795 2282 ut,

276 2311 424 2385 solemni
459 2311 613 2385 oratione
645 2333 789 2383 munere
824 2333 861 2382 se
891 2317 1011 2398 exuat,
1050 2309 1262 2407 quicumque
1295 2316 1454 2384 nostrum
1488 2335 1544 2383 res
1581 2311 1794 2388 academicus

275 2455 337 2528 per
369 2455 502 2506 annuam
537 2428 735 2502 moderatus
767 2427 813 2500 ait
839 2434 875 2500 et
910 2427 1045 2500 rexerit.
1095 2429 1214 2525 Atque
1241 2427 1326 2502 haec
1353 2428 1508 2502 muneris
1534 2435 1688 2504 extrema
1712 2457 1793 2532 pars

274 2550 369 2623 haud
403 2572 474 2622 uno
500 2547 646 2622 'nomine
677 2547 813 2620 videtur
841 2569 916 2620 esse
946 2569 1056 2643 quum
1080 2544 1283 2646 gravissima
1304 2547 1619 2646 tumgratiasima,
1653 2556 1695 2621 ut
1722 2575 1793 2648 qua

272 2669 488 2743 occasionem
523 2667 763 2742 nanciscamur
794 2690 864 2741 non
899 2666 1012 2742 solum
1048 2667 1092 2742 de
1121 2665 1285 2741 omnibus
1311 2665 1518 2742 academicis
1542 2666 1650 2742 rebus
1684 2668 1792 2744 disse·

271 2787 391 2879 reudi,
427 2811 517 2888 quae
544 2785 648 2862 nobis
676 2786 818 2886 publica
846 2787 1037 2876 mentione,
1068 2786 1172 2863 laude
1193 2786 1248 2862 vel
1265 2785 1562 2863 animadversione
1582 2787 1689 2887 digna
1711 2803 1794 2869 aunt

205 2915 210 2928 ‘
275 2909 368 3000 visa,
404 2910 467 2985 sed
496 2909 601 2986 etiam
634 2907 678 2983 de
708 2914 933 3008 argumento,
961 2933 1005 2982 ex
1033 2907 1110 3008 ipse
1136 2913 1254 2983 nostra
1289 2931 1396 3006 quam
1415 2907 1586 2984 tradimus
1612 2908 1794 3010 disciplina

275 3027 482 3128 desumpto,
507 3050 623 3102 coram
645 3034 717 3102 tarn
738 3027 866 3102 illustri
883 3049 1007 3102 corona
1030 3026 1136 3102 verba
1157 3025 1317 3102 faciendi.

324 3148 431 3226 Quod
457 3147 539 3223 ideo
574 3147 693 3250 magni
725 3146 871 3222 arbitror
895 3171 970 3223 esse
996 3147 1183 3235 momenti,
1217 3147 1382 3246 qnoniam
1402 3148 1463 3222 uir
1483 3148 1558 3224 ulla
1577 3157 1631 3225 ast
1655 3175 1710 3227 ars
1737 3150 1792 3224 vel

271 3267 470 3367 discipline,
507 3267 593 3367 quin
623 3267 732 3342 falsae
768 3267 812 3342 de
849 3268 925 3343 eiua
957 3268 991 3343 vi
1023 3277 1060 3343 et
1090 3269 1201 3369 pretio
1243 3267 1436 3367 opiniones
1463 3269 1567 3369 vulgo
1600 3271 1790 3347 obtineant.

276 3389 385 3462 Nulla
419 3395 538 3466 autem
575 3387 674 3462 facile
717 3389 904 3488 excogitari
940 3397 1055 3488 potest
1089 3389 1251 3464 tollendis
1295 3388 1538 3488 praeiudicatis
1572 3391 1795 3490 opinionibus

271 3508 383 3607 magis
413 3506 538 3581 idonea
569 3507 829 3605 opportunitas,
862 3531 968 3607 quem
997 3531 1108 3608 quum
1137 3509 1181 3583 de
1214 3516 1288 3584 arte
1309 3516 1429 3584 nostra
1453 3534 1569 3585 coram
1593 3512 1674 3587 viris
1694 3513 1790 3586 iuve-

269 3628 446 3726 nibusque
480 3627 617 3702 exculto
646 3627 807 3726 ingenio,
842 3639 880 3703 et
902 3628 1026 3704 iisdem
1048 3630 1237 3704 maximam
1262 3637 1397 3728 partem
1420 3629 1458 3701 in
1481 3653 1522 3703 ea
1545 3638 1618 3704 arte
1645 3608 1788 3731 hospiti-

270 3748 360 3835 bus,
383 3757 440 3821 est
457 3747 719 3846 exponendum.

320 3867 446 3964 ltaque
461 3903 464 3908 ·
477 3891 542 3965 ego
573 3890 711 3964 quoque
743 3867 853 3941 laetus
879 3868 1007 3942 hancce
1032 3866 1138 3941 libere
1158 3872 1194 3940 et
1215 3866 1367 3966 ingenue
1389 3869 1554 3968 loquendi
1575 3870 1789 3946 occasionem

271 3985 486 4084 arripueram
506 3985 766 4084 orationemque
786 4007 1065 4086 composueram,
1088 4009 1195 4084 quam
1216 4008 1261 4060 er
1281 3987 1347 4063 hoc
1372 3995 1542 4088 suggestu
1564 3989 1786 4088 pronuntiare

271 4103 387 4178 animo
411 4103 686 4180 informaveram.
1111 4165 1113 4168 .

258 4225 260 4228 ’
320 4223 390 4297 Sed
417 4221 561 4326 accidit,
586 4247 657 4320 quo
680 4222 862 4299 consilium
884 4229 1021 4299 mutare
1045 4230 1183 4298 coaetus
1210 4247 1308 4299 aum:

322 4345 441 4418 Altera
475 4343 569 4418 enim
600 4343 723 4420 harum
760 4343 966 4420 solemnium
994 4343 1189 4430 orationum
1224 4353 1277 4420 est
1316 4371 1412 4445 pars,
1454 4374 1523 4448 qua
1557 4348 1786 4440 Academiae,

271 4488 361 4563 quae
392 4487 483 4537 anno
513 4463 750 4540 recentissimo
781 4465 1049 4555 lacunarota
1071 4463 1188 4541 referri
1217 4466 1338 4542 solent.
1389 4469 1432 4543 In
1460 4495 1502 4545 ea
1524 4493 1663 4567 quoque
1688 4481 1787 4571 parte

272 4581 547 4668 elaboraveram,
579 4584 640 4658 sed
668 4583 836 4660 succrevit
871 4584 1034 4660 scribenti
1058 4583 1095 4658 iu
1123 4583 1198 4658 dies
1222 4608 1312 4660 nova
1336 4585 1509 4661 scribendi
1534 4587 1713 4677 materies,
1738 4589 1786 4664 ita

269 4711 311 4778 ut
345 4727 447 4802 opere
480 4701 638 4776 absoluto
673 4705 780 4803 probe
808 4703 1056 4805 intelligerem,
1087 4704 1118 4779 si
1151 4729 1263 4781 uuum
1292 4714 1328 4781 et
1360 4707 1508 4785 alterum
1539 4731 1782 4808 proponerem,

270 4826 341 4901 lore
366 4831 407 4900 ut
430 4823 667 4898 benevolentia
691 4833 862 4901 restruet
886 4825 1053 4925 patientia
1075 4824 1246 4903 abuterer.
