<?xml version="1.0" encoding="UTF-8"?>
<!DOCTYPE html PUBLIC "-//W3C//DTD XHTML 1.0 Transitional//EN"
    "http://www.w3.org/TR/xhtml1/DTD/xhtml1-transitional.dtd">
<html xmlns="http://www.w3.org/1999/xhtml" xml:lang="en" lang="en">
 <head>
  <title>
</title>
<meta http-equiv="Content-Type" content="text/html;charset=utf-8" />
  <meta name='ocr-system' content='tesseract 3.04.00' />
  <meta name='ocr-capabilities' content='ocr_page ocr_carea ocr_par ocr_line ocrx_word'/>
</head>
<body>
  <div class='ocr_page' id='page_1' title='image "annalesacademic05unkngoog_0315.png"; bbox 0 0 4892 6184; ppageno 0'>
   <div class='ocr_carea' id='block_1_1' title="bbox 878 663 1771 793">
    <p class='ocr_par' dir='ltr' id='par_1_1' title="bbox 878 663 1771 793">
     <span class='ocr_line' id='line_1_1' title="bbox 878 663 1771 793; baseline 0.011 -22"><span class='ocrx_word' id='word_1_1' title='bbox 878 663 1158 772; x_wconf 79' lang='grc' dir='ltr'>οἰιιιιο.</span> <span class='ocrx_word' id='word_1_2' title='bbox 1706 714 1771 793; x_wconf 80' lang='lat' dir='ltr'><strong>sos</strong></span> 
     </span>
    </p>
   </div>
   <div class='ocr_carea' id='block_1_2' title="bbox 171 910 1863 4833">
    <p class='ocr_par' dir='ltr' id='par_1_2' title="bbox 171 910 1863 4833">
     <span class='ocr_line' id='line_1_2' title="bbox 257 910 1770 1013; baseline 0.004 -28"><span class='ocrx_word' id='word_1_3' title='bbox 257 910 294 986; x_wconf 93' lang='lat' dir='ltr'><strong>in</strong></span> <span class='ocrx_word' id='word_1_4' title='bbox 324 913 435 1011; x_wconf 88' lang='lat' dir='ltr'><strong>patria</strong></span> <span class='ocrx_word' id='word_1_5' title='bbox 464 921 581 990; x_wconf 88' lang='lat' dir='ltr'><strong>nostra</strong></span> <span class='ocrx_word' id='word_1_6' title='bbox 605 920 643 989; x_wconf 90' lang='lat' dir='ltr'><strong>et</strong></span> <span class='ocrx_word' id='word_1_7' title='bbox 667 914 828 1013; x_wconf 89' lang='lat' dir='ltr'><strong>languet,</strong></span> <span class='ocrx_word' id='word_1_8' title='bbox 853 938 959 1013; x_wconf 87' lang='lat' dir='ltr'><strong>quam</strong></span> <span class='ocrx_word' id='word_1_9' title='bbox 981 935 1139 991; x_wconf 87' lang='lat' dir='ltr'><strong>amamus</strong></span> <span class='ocrx_word' id='word_1_10' title='bbox 1159 920 1196 988; x_wconf 91' lang='lat' dir='ltr'><strong>et</strong></span> <span class='ocrx_word' id='word_1_11' title='bbox 1217 915 1275 991; x_wconf 88' lang='lat' dir='ltr'><strong>cui</strong></span> <span class='ocrx_word' id='word_1_12' title='bbox 1298 914 1555 1007; x_wconf 80' lang='lat' dir='ltr'><strong>incumbimus,</strong></span> <span class='ocrx_word' id='word_1_13' title='bbox 1579 917 1770 993; x_wconf 87' lang='lat' dir='ltr'><strong>iuventutis</strong></span> 
     </span>
     <span class='ocr_line' id='line_1_3' title="bbox 256 1030 1770 1135; baseline 0.003 -30"><span class='ocrx_word' id='word_1_14' title='bbox 256 1030 448 1121; x_wconf 89' lang='lat' dir='ltr'><strong>institutio,</strong></span> <span class='ocrx_word' id='word_1_15' title='bbox 484 1058 597 1133; x_wconf 90' lang='lat' dir='ltr'><strong>neque</strong></span> <span class='ocrx_word' id='word_1_16' title='bbox 629 1058 693 1108; x_wconf 91' lang='lat' dir='ltr'><strong>nos</strong></span> <span class='ocrx_word' id='word_1_17' title='bbox 724 1034 811 1107; x_wconf 89' lang='lat' dir='ltr'><strong>adeo</strong></span> <span class='ocrx_word' id='word_1_18' title='bbox 843 1034 999 1111; x_wconf 88' lang='lat' dir='ltr'><strong>doctores</strong></span> <span class='ocrx_word' id='word_1_19' title='bbox 1033 1032 1197 1133; x_wconf 89' lang='lat' dir='ltr'><strong>culpandi</strong></span> <span class='ocrx_word' id='word_1_20' title='bbox 1228 1030 1368 1124; x_wconf 87' lang='lat' dir='ltr'><strong>sumus,</strong></span> <span class='ocrx_word' id='word_1_21' title='bbox 1400 1035 1469 1111; x_wconf 85' lang='lat' dir='ltr'><strong>aed.</strong></span> <span class='ocrx_word' id='word_1_22' title='bbox 1490 1036 1585 1135; x_wconf 83' lang='lat' dir='ltr'><strong>ipsae</strong></span> <span class='ocrx_word' id='word_1_23' title='bbox 1612 1036 1708 1135; x_wconf 89' lang='lat' dir='ltr'><strong>leges</strong></span> <span class='ocrx_word' id='word_1_24' title='bbox 1734 1043 1770 1111; x_wconf 91' lang='lat' dir='ltr'><strong>et</strong></span> 
     </span>
     <span class='ocr_line' id='line_1_4' title="bbox 256 1143 1768 1252; baseline 0.004 -27"><span class='ocrx_word' id='word_1_25' title='bbox 256 1152 436 1239; x_wconf 87' lang='lat' dir='ltr'><strong>instituta,</strong></span> <span class='ocrx_word' id='word_1_26' title='bbox 461 1176 610 1250; x_wconf 89' lang='lat' dir='ltr'><strong>quorum</strong></span> <span class='ocrx_word' id='word_1_27' title='bbox 632 1159 750 1227; x_wconf 89' lang='lat' dir='ltr'><strong>tamen</strong></span> <span class='ocrx_word' id='word_1_28' title='bbox 770 1160 811 1228; x_wconf 98' lang='grc' dir='ltr'><strong>ιιι</strong></span> <span class='ocrx_word' id='word_1_29' title='bbox 829 1153 880 1228; x_wconf 93' lang='lat' dir='ltr'><strong>nil</strong></span> <span class='ocrx_word' id='word_1_30' title='bbox 901 1152 1035 1230; x_wconf 88' lang='lat' dir='ltr'><strong>facilius</strong></span> <span class='ocrx_word' id='word_1_31' title='bbox 1056 1161 1130 1242; x_wconf 90' lang='lat' dir='ltr'><strong>est,</strong></span> <span class='ocrx_word' id='word_1_32' title='bbox 1155 1143 1261 1252; x_wconf 66' lang='lat' dir='ltr'><strong>duam</strong></span> <span class='ocrx_word' id='word_1_33' title='bbox 1284 1155 1482 1231; x_wconf 87' lang='lat' dir='ltr'><strong>innumeros</strong></span> <span class='ocrx_word' id='word_1_34' title='bbox 1502 1156 1654 1233; x_wconf 88' lang='lat' dir='ltr'><strong>indicare</strong></span> <span class='ocrx_word' id='word_1_35' title='bbox 1677 1170 1768 1232; x_wconf 82' lang='lat' dir='ltr'><strong>erro·&#39;</strong></span> 
     </span>
     <span class='ocr_line' id='line_1_5' title="bbox 256 1250 1769 1373; baseline 0.004 -28"><span class='ocrx_word' id='word_1_36' title='bbox 256 1296 330 1359; x_wconf 85' lang='lat' dir='ltr'><strong>res,</strong></span> <span class='ocrx_word' id='word_1_37' title='bbox 366 1271 416 1345; x_wconf 89' lang='lat' dir='ltr'><strong>ita</strong></span> <span class='ocrx_word' id='word_1_38' title='bbox 447 1271 601 1347; x_wconf 87' lang='lat' dir='ltr'><strong>remedia</strong></span> <span class='ocrx_word' id='word_1_39' title='bbox 632 1270 832 1347; x_wconf 88' lang='lat' dir='ltr'><strong>difficillima</strong></span> <span class='ocrx_word' id='word_1_40' title='bbox 866 1250 1012 1349; x_wconf 78' lang='lat' dir='ltr'><strong>inventu</strong></span> <span class='ocrx_word' id='word_1_41' title='bbox 1040 1271 1212 1349; x_wconf 87' lang='lat' dir='ltr'><strong>difficilius</strong></span> <span class='ocrx_word' id='word_1_42' title='bbox 1238 1272 1343 1349; x_wconf 87' lang='lat' dir='ltr'><strong>etiam</strong></span> <span class='ocrx_word' id='word_1_43' title='bbox 1370 1274 1638 1373; x_wconf 87' lang='lat' dir='ltr'><strong>adhibebuntur.</strong></span> <span class='ocrx_word' id='word_1_44' title='bbox 1689 1274 1769 1351; x_wconf 90' lang='lat' dir='ltr'><strong>Hoc</strong></span> 
     </span>
     <span class='ocr_line' id='line_1_6' title="bbox 256 1389 1767 1493; baseline 0.003 -28"><span class='ocrx_word' id='word_1_45' title='bbox 256 1398 377 1465; x_wconf 87' lang='lat' dir='ltr'><strong>autem</strong></span> <span class='ocrx_word' id='word_1_46' title='bbox 400 1389 535 1465; x_wconf 86' lang='lat' dir='ltr'><strong>utinam</strong></span> <span class='ocrx_word' id='word_1_47' title='bbox 558 1390 700 1465; x_wconf 71' lang='lat' dir='ltr'><strong>undem</strong></span> <span class='ocrx_word' id='word_1_48' title='bbox 720 1391 765 1465; x_wconf 90' lang='lat' dir='ltr'><strong>ab</strong></span> <span class='ocrx_word' id='word_1_49' title='bbox 785 1392 901 1490; x_wconf 91' lang='lat' dir='ltr'><strong>aliquo</strong></span> <span class='ocrx_word' id='word_1_50' title='bbox 921 1394 1002 1469; x_wconf 83' lang='lat' dir='ltr'><strong>finti</strong></span> <span class='ocrx_word' id='word_1_51' title='bbox 1037 1393 1180 1468; x_wconf 92' lang='lat' dir='ltr'><strong>Utinam</strong></span> <span class='ocrx_word' id='word_1_52' title='bbox 1198 1418 1260 1492; x_wconf 86' lang='lat' dir='ltr'><strong>per</strong></span> <span class='ocrx_word' id='word_1_53' title='bbox 1279 1418 1364 1481; x_wconf 89' lang='lat' dir='ltr'><strong>nos,</strong></span> <span class='ocrx_word' id='word_1_54' title='bbox 1387 1394 1606 1493; x_wconf 86' lang='lat' dir='ltr'><strong>aliquatenus</strong></span> <span class='ocrx_word' id='word_1_55' title='bbox 1628 1393 1767 1481; x_wconf 82' lang='lat' dir='ltr'><strong>saltem,</strong></span> 
     </span>
     <span class='ocr_line' id='line_1_7' title="bbox 255 1507 1768 1613; baseline 0.003 -30"><span class='ocrx_word' id='word_1_56' title='bbox 255 1509 331 1583; x_wconf 87' lang='lat' dir='ltr'><strong>fieri</strong></span> <span class='ocrx_word' id='word_1_57' title='bbox 359 1507 487 1607; x_wconf 86' lang='lat' dir='ltr'><strong>possiti</strong></span> <span class='ocrx_word' id='word_1_58' title='bbox 533 1509 659 1608; x_wconf 83' lang='lat' dir='ltr'>Neque</span> <span class='ocrx_word' id='word_1_59' title='bbox 685 1510 780 1585; x_wconf 88' lang='lat' dir='ltr'><strong>enim</strong></span> <span class='ocrx_word' id='word_1_60' title='bbox 802 1512 1018 1588; x_wconf 88' lang='lat' dir='ltr'><strong>reticendum</strong></span> <span class='ocrx_word' id='word_1_61' title='bbox 1039 1518 1112 1600; x_wconf 90' lang='lat' dir='ltr'><strong>est,</strong></span> <span class='ocrx_word' id='word_1_62' title='bbox 1144 1536 1214 1610; x_wconf 90' lang='lat' dir='ltr'><strong>qno</strong></span> <span class='ocrx_word' id='word_1_63' title='bbox 1233 1511 1373 1610; x_wconf 87' lang='lat' dir='ltr'><strong>gloriari</strong></span> <span class='ocrx_word' id='word_1_64' title='bbox 1390 1511 1488 1603; x_wconf 86' lang='lat' dir='ltr'><strong>licet,</strong></span> <span class='ocrx_word' id='word_1_65' title='bbox 1520 1537 1585 1588; x_wconf 89' lang='lat' dir='ltr'><strong>nos</strong></span> <span class='ocrx_word' id='word_1_66' title='bbox 1607 1537 1671 1613; x_wconf 93' lang='lat' dir='ltr'><strong>pro</strong></span> <span class='ocrx_word' id='word_1_67' title='bbox 1691 1521 1768 1588; x_wconf 88' lang='lat' dir='ltr'><strong>tan·</strong></span> 
     </span>
     <span class='ocr_line' id='line_1_8' title="bbox 255 1625 1768 1730; baseline 0.005 -29"><span class='ocrx_word' id='word_1_68' title='bbox 255 1628 328 1703; x_wconf 90' lang='lat' dir='ltr'><strong>tilla</strong></span> <span class='ocrx_word' id='word_1_69' title='bbox 348 1625 473 1703; x_wconf 76' lang='lat' dir='ltr'><strong>vinum</strong></span> <span class='ocrx_word' id='word_1_70' title='bbox 496 1636 666 1729; x_wconf 82' lang='lat' dir='ltr'><strong>potestate</strong></span> <span class='ocrx_word' id='word_1_71' title='bbox 688 1628 793 1705; x_wconf 87' lang='lat' dir='ltr'><strong>etiam</strong></span> <span class='ocrx_word' id='word_1_72' title='bbox 811 1639 917 1730; x_wconf 88' lang='lat' dir='ltr'><strong>atque</strong></span> <span class='ocrx_word' id='word_1_73' title='bbox 937 1631 1043 1707; x_wconf 89' lang='lat' dir='ltr'><strong>etiam</strong></span> <span class='ocrx_word' id='word_1_74' title='bbox 1065 1629 1195 1718; x_wconf 79' lang='lat' dir='ltr'><strong>anniti,</strong></span> <span class='ocrx_word' id='word_1_75' title='bbox 1220 1637 1261 1705; x_wconf 93' lang='lat' dir='ltr'><strong>nt</strong></span> <span class='ocrx_word' id='word_1_76' title='bbox 1280 1630 1363 1707; x_wconf 86' lang='lat' dir='ltr'><strong>haec</strong></span> <span class='ocrx_word' id='word_1_77' title='bbox 1382 1630 1544 1707; x_wconf 86' lang='lat' dir='ltr'><strong>iuventus</strong></span> <span class='ocrx_word' id='word_1_78' title='bbox 1565 1657 1607 1709; x_wconf 86' lang='lat' dir='ltr'><strong>ca</strong></span> <span class='ocrx_word' id='word_1_79' title='bbox 1624 1632 1768 1709; x_wconf 83' lang='lat' dir='ltr'><strong>tandem</strong></span> 
     </span>
     <span class='ocr_line' id='line_1_9' title="bbox 171 1746 1769 1853; baseline 0.003 -29"><span class='ocrx_word' id='word_1_80' title='bbox 171 1756 177 1765; x_wconf 86' lang='lat'>&#39;</span> <span class='ocrx_word' id='word_1_81' title='bbox 253 1748 390 1825; x_wconf 49' lang='grc' dir='ltr'><strong>ἐξῆν</strong></span> <span class='ocrx_word' id='word_1_82' title='bbox 411 1746 626 1835; x_wconf 80' lang='lat' dir='ltr'><strong>instituatur,</strong></span> <span class='ocrx_word' id='word_1_83' title='bbox 643 1772 741 1847; x_wconf 90' lang='lat' dir='ltr'><strong>·qnae</strong></span> <span class='ocrx_word' id='word_1_84' title='bbox 762 1750 1147 1826; x_wconf 87' lang='lat' dir='ltr'><strong>nomineinatitntionis</strong></span> <span class='ocrx_word' id='word_1_85' title='bbox 1167 1748 1274 1850; x_wconf 91' lang='lat' dir='ltr'><strong>digua</strong></span> <span class='ocrx_word' id='word_1_86' title='bbox 1294 1750 1349 1825; x_wconf 90' lang='lat' dir='ltr'><strong>sit.</strong></span> <span class='ocrx_word' id='word_1_87' title='bbox 1399 1751 1504 1827; x_wconf 88' lang='lat' dir='ltr'><strong>Nunc</strong></span> <span class='ocrx_word' id='word_1_88' title='bbox 1524 1776 1604 1853; x_wconf 88' lang='lat' dir='ltr'><strong>pars</strong></span> <span class='ocrx_word' id='word_1_89' title='bbox 1626 1752 1769 1828; x_wconf 89' lang='lat' dir='ltr'><strong>seminis</strong></span> 
     </span>
     <span class='ocr_line' id='line_1_10' title="bbox 256 1852 1766 1971; baseline 0.004 -30"><span class='ocrx_word' id='word_1_90' title='bbox 256 1867 416 1942; x_wconf 88' lang='lat' dir='ltr'><strong>sentibus</strong></span> <span class='ocrx_word' id='word_1_91' title='bbox 436 1866 656 1968; x_wconf 82' lang='lat' dir='ltr'><strong>opprimitur,</strong></span> <span class='ocrx_word' id='word_1_92' title='bbox 679 1876 716 1943; x_wconf 89' lang='lat' dir='ltr'><strong>et</strong></span> <span class='ocrx_word' id='word_1_93' title='bbox 741 1894 821 1968; x_wconf 89' lang='lat' dir='ltr'><strong>pars</strong></span> <span class='ocrx_word' id='word_1_94' title='bbox 842 1852 949 1947; x_wconf 85' lang='lat' dir='ltr'><strong>altera</strong></span> <span class='ocrx_word' id='word_1_95' title='bbox 971 1870 1065 1946; x_wconf 86' lang='lat' dir='ltr'><strong>cadit</strong></span> <span class='ocrx_word' id='word_1_96' title='bbox 1086 1869 1279 1945; x_wconf 90' lang='lat' dir='ltr'><strong>secuudum</strong></span> <span class='ocrx_word' id='word_1_97' title='bbox 1301 1868 1393 1945; x_wconf 81' lang='grc' dir='ltr'>νίιιιιι</span> <span class='ocrx_word' id='word_1_98' title='bbox 1418 1878 1454 1947; x_wconf 92' lang='lat' dir='ltr'><strong>et</strong></span> <span class='ocrx_word' id='word_1_99' title='bbox 1474 1871 1606 1971; x_wconf 81' lang='lat' dir='ltr'><strong>rapitur</strong></span> <span class='ocrx_word' id='word_1_100' title='bbox 1625 1898 1647 1947; x_wconf 90' lang='lat' dir='ltr'><strong>a</strong></span> <span class='ocrx_word' id='word_1_101' title='bbox 1668 1896 1766 1971; x_wconf 90' lang='lat' dir='ltr'><strong>prae·</strong></span> 
     </span>
     <span class='ocr_line' id='line_1_11' title="bbox 255 1985 1766 2089; baseline 0.003 -28"><span class='ocrx_word' id='word_1_102' title='bbox 255 1985 526 2075; x_wconf 87' lang='lat' dir='ltr'><strong>tervolantibus,</strong></span> <span class='ocrx_word' id='word_1_103' title='bbox 560 1993 597 2061; x_wconf 85' lang='lat' dir='ltr'><strong>et</strong></span> <span class='ocrx_word' id='word_1_104' title='bbox 618 1985 686 2063; x_wconf 88' lang='lat' dir='ltr'><strong>alia</strong></span> <span class='ocrx_word' id='word_1_105' title='bbox 703 1986 833 2063; x_wconf 77' lang='lat' dir='ltr'><strong>decidit</strong></span> <span class='ocrx_word' id='word_1_106' title='bbox 852 1989 890 2064; x_wconf 95' lang='lat' dir='ltr'><strong>in</strong></span> <span class='ocrx_word' id='word_1_107' title='bbox 903 2014 1008 2089; x_wconf 88' lang='lat' dir='ltr'><strong>rupes</strong></span> <span class='ocrx_word' id='word_1_108' title='bbox 1022 1996 1058 2063; x_wconf 94' lang='lat' dir='ltr'><strong>et</strong></span> <span class='ocrx_word' id='word_1_109' title='bbox 1070 1988 1224 2064; x_wconf 90' lang='lat' dir='ltr'><strong>nascitur</strong></span> <span class='ocrx_word' id='word_1_110' title='bbox 1244 1987 1408 2087; x_wconf 88' lang='lat' dir='ltr'><strong>quidem,</strong></span> <span class='ocrx_word' id='word_1_111' title='bbox 1434 1990 1496 2065; x_wconf 82' lang='lat' dir='ltr'><strong>red</strong></span> <span class='ocrx_word' id='word_1_112' title='bbox 1520 2014 1603 2067; x_wconf 85' lang='lat' dir='ltr'><strong>mox</strong></span> <span class='ocrx_word' id='word_1_113' title='bbox 1626 1990 1766 2066; x_wconf 88' lang='lat' dir='ltr'><strong>misera·</strong></span> 
     </span>
     <span class='ocr_line' id='line_1_12' title="bbox 255 2105 1769 2210; baseline 0.003 -30"><span class='ocrx_word' id='word_1_114' title='bbox 255 2106 371 2181; x_wconf 84' lang='lat' dir='ltr'><strong>biliter</strong></span> <span class='ocrx_word' id='word_1_115' title='bbox 394 2106 504 2204; x_wconf 84' lang='lat' dir='ltr'><strong>perit,</strong></span> <span class='ocrx_word' id='word_1_116' title='bbox 529 2105 720 2206; x_wconf 70' lang='lat' dir='ltr'><strong>ermemcts</strong></span> <span class='ocrx_word' id='word_1_117' title='bbox 741 2107 824 2183; x_wconf 88' lang='lat' dir='ltr'><strong>solis</strong></span> <span class='ocrx_word' id='word_1_118' title='bbox 846 2108 963 2184; x_wconf 87' lang='lat' dir='ltr'><strong>radiis.</strong></span> <span class='ocrx_word' id='word_1_119' title='bbox 1011 2108 1181 2183; x_wconf 83' lang='lat' dir='ltr'><strong>Nostrum</strong></span> <span class='ocrx_word' id='word_1_120' title='bbox 1206 2115 1279 2196; x_wconf 91' lang='lat' dir='ltr'><strong>ost,</strong></span> <span class='ocrx_word' id='word_1_121' title='bbox 1306 2115 1347 2183; x_wconf 92' lang='lat' dir='ltr'><strong>ut</strong></span> <span class='ocrx_word' id='word_1_122' title='bbox 1368 2108 1433 2184; x_wconf 92' lang='lat' dir='ltr'><strong>hoc</strong></span> <span class='ocrx_word' id='word_1_123' title='bbox 1454 2108 1646 2187; x_wconf 82' lang='lat' dir='ltr'><strong>identidem</strong></span> <span class='ocrx_word' id='word_1_124' title='bbox 1672 2134 1769 2210; x_wconf 88' lang='lat' dir='ltr'><strong>repe·</strong></span> 
     </span>
     <span class='ocr_line' id='line_1_13' title="bbox 254 2224 1770 2328; baseline 0.002 -28"><span class='ocrx_word' id='word_1_125' title='bbox 254 2232 395 2315; x_wconf 79' lang='grc' dir='ltr'>ιιιιιιιι,</span> <span class='ocrx_word' id='word_1_126' title='bbox 431 2231 474 2299; x_wconf 91' lang='grc' dir='ltr'><strong>ιιι</strong></span> <span class='ocrx_word' id='word_1_127' title='bbox 503 2225 632 2301; x_wconf 86' lang='lat' dir='ltr'><strong>clamor</strong></span> <span class='ocrx_word' id='word_1_128' title='bbox 664 2224 814 2325; x_wconf 88' lang='lat' dir='ltr'><strong>denique</strong></span> <span class='ocrx_word' id='word_1_129' title='bbox 840 2235 996 2327; x_wconf 88' lang='lat' dir='ltr'><strong>penetret</strong></span> <span class='ocrx_word' id='word_1_130' title='bbox 1017 2251 1129 2326; x_wconf 90' lang='lat' dir='ltr'><strong>usque</strong></span> <span class='ocrx_word' id='word_1_131' title='bbox 1153 2226 1199 2302; x_wconf 91' lang='lat' dir='ltr'><strong>ad</strong></span> <span class='ocrx_word' id='word_1_132' title='bbox 1219 2252 1321 2303; x_wconf 89' lang='lat' dir='ltr'><strong>aures</strong></span> <span class='ocrx_word' id='word_1_133' title='bbox 1345 2252 1484 2317; x_wconf 87' lang='lat' dir='ltr'><strong>eorum,</strong></span> <span class='ocrx_word' id='word_1_134' title='bbox 1511 2229 1573 2328; x_wconf 88' lang='lat' dir='ltr'><strong>qui</strong></span> <span class='ocrx_word' id='word_1_135' title='bbox 1596 2230 1770 2304; x_wconf 86' lang='lat' dir='ltr'><strong>civitatem</strong></span> 
     </span>
     <span class='ocr_line' id='line_1_14' title="bbox 252 2344 1768 2447; baseline 0.003 -29"><span class='ocrx_word' id='word_1_136' title='bbox 252 2355 398 2443; x_wconf 85' lang='lat' dir='ltr'><strong>regunt,</strong></span> <span class='ocrx_word' id='word_1_137' title='bbox 422 2344 485 2444; x_wconf 91' lang='lat' dir='ltr'><strong>qui</strong></span> <span class='ocrx_word' id='word_1_138' title='bbox 504 2369 608 2443; x_wconf 91' lang='lat' dir='ltr'><strong>rupes</strong></span> <span class='ocrx_word' id='word_1_139' title='bbox 628 2344 771 2443; x_wconf 85' lang='lat' dir='ltr'><strong>quidam</strong></span> <span class='ocrx_word' id='word_1_140' title='bbox 788 2344 922 2421; x_wconf 86' lang='lat' dir='ltr'><strong>amoliri</strong></span> <span class='ocrx_word' id='word_1_141' title='bbox 942 2352 1144 2444; x_wconf 84' lang='lat' dir='ltr'><strong>nequeunt,</strong></span> <span class='ocrx_word' id='word_1_142' title='bbox 1167 2352 1230 2421; x_wconf 90' lang='lat' dir='ltr'><strong>aut</strong></span> <span class='ocrx_word' id='word_1_143' title='bbox 1247 2345 1361 2421; x_wconf 86' lang='lat' dir='ltr'><strong>radios</strong></span> <span class='ocrx_word' id='word_1_144' title='bbox 1381 2346 1507 2421; x_wconf 88' lang='lat' dir='ltr'><strong>solares</strong></span> <span class='ocrx_word' id='word_1_145' title='bbox 1529 2346 1768 2447; x_wconf 77' lang='lat' dir='ltr'><strong>exstinguere,</strong></span> 
     </span>
     <span class='ocr_line' id='line_1_15' title="bbox 253 2464 1769 2565; baseline 0.003 -26"><span class='ocrx_word' id='word_1_146' title='bbox 253 2464 315 2539; x_wconf 89' lang='lat' dir='ltr'><strong>sed</strong></span> <span class='ocrx_word' id='word_1_147' title='bbox 353 2464 416 2562; x_wconf 89' lang='lat' dir='ltr'><strong>qui</strong></span> <span class='ocrx_word' id='word_1_148' title='bbox 446 2488 529 2540; x_wconf 84' lang='lat' dir='ltr'><strong>saxa</strong></span> <span class='ocrx_word' id='word_1_149' title='bbox 558 2488 733 2554; x_wconf 87' lang='lat' dir='ltr'><strong>amovere,</strong></span> <span class='ocrx_word' id='word_1_150' title='bbox 757 2473 794 2541; x_wconf 89' lang='lat' dir='ltr'><strong>et</strong></span> <span class='ocrx_word' id='word_1_151' title='bbox 817 2465 1027 2565; x_wconf 79' lang='lat' dir='ltr'><strong>conflagrare</strong></span> <span class='ocrx_word' id='word_1_152' title='bbox 1051 2472 1186 2554; x_wconf 87' lang='lat' dir='ltr'><strong>sentes,</strong></span> <span class='ocrx_word' id='word_1_153' title='bbox 1210 2472 1248 2541; x_wconf 90' lang='lat' dir='ltr'><strong>et</strong></span> <span class='ocrx_word' id='word_1_154' title='bbox 1267 2464 1415 2540; x_wconf 91' lang='lat' dir='ltr'><strong>humum</strong></span> <span class='ocrx_word' id='word_1_155' title='bbox 1435 2465 1591 2542; x_wconf 86' lang='lat' dir='ltr'><strong>altricem</strong></span> <span class='ocrx_word' id='word_1_156' title='bbox 1616 2466 1769 2543; x_wconf 89' lang='lat' dir='ltr'><strong>multum</strong></span> 
     </span>
     <span class='ocr_line' id='line_1_16' title="bbox 254 2582 1769 2687; baseline 0.004 -30"><span class='ocrx_word' id='word_1_157' title='bbox 254 2582 428 2683; x_wconf 79' lang='lat' dir='ltr'><strong>adaugere</strong></span> <span class='ocrx_word' id='word_1_158' title='bbox 459 2583 595 2672; x_wconf 84' lang='lat' dir='ltr'><strong>valent,</strong></span> <span class='ocrx_word' id='word_1_159' title='bbox 628 2591 671 2658; x_wconf 92' lang='lat' dir='ltr'><strong>ut</strong></span> <span class='ocrx_word' id='word_1_160' title='bbox 705 2584 742 2659; x_wconf 93' lang='lat' dir='ltr'><strong>in</strong></span> <span class='ocrx_word' id='word_1_161' title='bbox 767 2584 842 2660; x_wconf 85' lang='lat' dir='ltr'><strong>dies</strong></span> <span class='ocrx_word' id='word_1_162' title='bbox 867 2585 977 2661; x_wconf 90' lang='lat' dir='ltr'><strong>maior</strong></span> <span class='ocrx_word' id='word_1_163' title='bbox 999 2593 1036 2660; x_wconf 87' lang='lat' dir='ltr'><strong>et</strong></span> <span class='ocrx_word' id='word_1_164' title='bbox 1060 2584 1213 2685; x_wconf 80' lang='lat' dir='ltr'><strong>amplior.</strong></span> <span class='ocrx_word' id='word_1_165' title='bbox 1230 2585 1293 2660; x_wconf 85' lang='lat' dir='ltr'><strong>fiat</strong></span> <span class='ocrx_word' id='word_1_166' title='bbox 1318 2608 1398 2683; x_wconf 87' lang='lat' dir='ltr'><strong>pars</strong></span> <span class='ocrx_word' id='word_1_167' title='bbox 1421 2583 1500 2675; x_wconf 90' lang='lat' dir='ltr'><strong>illa,</strong></span> <span class='ocrx_word' id='word_1_168' title='bbox 1524 2610 1614 2687; x_wconf 87' lang='lat' dir='ltr'><strong>quae</strong></span> <span class='ocrx_word' id='word_1_169' title='bbox 1635 2586 1769 2663; x_wconf 91' lang='lat' dir='ltr'><strong>bonum</strong></span> 
     </span>
     <span class='ocr_line' id='line_1_17' title="bbox 228 2702 1768 2807; baseline 0.004 -31"><span class='ocrx_word' id='word_1_170' title='bbox 228 2728 231 2734; x_wconf 59' lang='lat'><strong><em>¹</em></strong></span> <span class='ocrx_word' id='word_1_171' title='bbox 254 2726 379 2801; x_wconf 64' lang='grc' dir='ltr'>ιςιιιιιι</span> <span class='ocrx_word' id='word_1_172' title='bbox 404 2702 555 2793; x_wconf 84' lang='lat' dir='ltr'><strong>invenit,</strong></span> <span class='ocrx_word' id='word_1_173' title='bbox 579 2704 736 2804; x_wconf 82' lang='lat' dir='ltr'><strong>tenetque</strong></span> <span class='ocrx_word' id='word_1_174' title='bbox 759 2704 887 2781; x_wconf 90' lang='lat' dir='ltr'><strong>bonam</strong></span> <span class='ocrx_word' id='word_1_175' title='bbox 910 2704 1047 2805; x_wconf 85' lang='lat' dir='ltr'><strong>frugem</strong></span> <span class='ocrx_word' id='word_1_176' title='bbox 1067 2712 1105 2781; x_wconf 89' lang='lat' dir='ltr'><strong>et</strong></span> <span class='ocrx_word' id='word_1_177' title='bbox 1125 2702 1425 2805; x_wconf 83' lang='lat' dir='ltr'><strong>multiplicabitur,</strong></span> <span class='ocrx_word' id='word_1_178' title='bbox 1450 2705 1517 2781; x_wconf 86' lang='lat' dir='ltr'><strong>alin</strong></span> <span class='ocrx_word' id='word_1_179' title='bbox 1537 2730 1617 2807; x_wconf 87' lang='lat' dir='ltr'><strong>pars</strong></span> <span class='ocrx_word' id='word_1_180' title='bbox 1633 2706 1768 2797; x_wconf 89' lang='lat' dir='ltr'><strong>tricies,</strong></span> 
     </span>
     <span class='ocr_line' id='line_1_18' title="bbox 257 2822 1770 2925; baseline 0.003 -28"><span class='ocrx_word' id='word_1_181' title='bbox 257 2830 293 2897; x_wconf 92' lang='lat' dir='ltr'><strong>et</strong></span> <span class='ocrx_word' id='word_1_182' title='bbox 315 2822 383 2898; x_wconf 86' lang='lat' dir='ltr'><strong>alia</strong></span> <span class='ocrx_word' id='word_1_183' title='bbox 405 2822 582 2923; x_wconf 59' lang='lat' dir='ltr'><strong>sexages,</strong></span> <span class='ocrx_word' id='word_1_184' title='bbox 606 2824 675 2899; x_wconf 88' lang='lat' dir='ltr'><strong>alia</strong></span> <span class='ocrx_word' id='word_1_185' title='bbox 696 2824 848 2925; x_wconf 90' lang='lat' dir='ltr'><strong>denique</strong></span> <span class='ocrx_word' id='word_1_186' title='bbox 868 2825 1008 2902; x_wconf 87' lang='lat' dir='ltr'><strong>centies.</strong></span> <span class='ocrx_word' id='word_1_187' title='bbox 1030 2823 1157 2905; x_wconf 63' lang='lat' dir='ltr'><strong>,Quid</strong></span> <span class='ocrx_word' id='word_1_188' title='bbox 1184 2830 1328 2914; x_wconf 86' lang='lat' dir='ltr'><strong>autem,</strong></span> <span class='ocrx_word' id='word_1_189' title='bbox 1352 2834 1393 2900; x_wconf 92' lang='lat' dir='ltr'><strong>ut</strong></span> <span class='ocrx_word' id='word_1_190' title='bbox 1414 2824 1521 2900; x_wconf 90' lang='lat' dir='ltr'><strong>missa</strong></span> <span class='ocrx_word' id='word_1_191' title='bbox 1543 2826 1770 2907; x_wconf 78' lang='lat' dir='ltr'><strong>similitudine</strong></span> 
     </span>
     <span class='ocr_line' id='line_1_19' title="bbox 253 2942 1769 3045; baseline 0.003 -28"><span class='ocrx_word' id='word_1_192' title='bbox 253 2965 419 3041; x_wconf 88' lang='lat' dir='ltr'><strong>pergam,</strong></span> <span class='ocrx_word' id='word_1_193' title='bbox 443 2942 531 3042; x_wconf 90' lang='lat' dir='ltr'><strong>quid</strong></span> <span class='ocrx_word' id='word_1_194' title='bbox 555 2942 668 3043; x_wconf 89' lang='lat' dir='ltr'><strong>magis</strong></span> <span class='ocrx_word' id='word_1_195' title='bbox 695 2944 832 3020; x_wconf 88' lang='lat' dir='ltr'><strong>salubre</strong></span> <span class='ocrx_word' id='word_1_196' title='bbox 858 2952 895 3020; x_wconf 91' lang='lat' dir='ltr'><strong>et</strong></span> <span class='ocrx_word' id='word_1_197' title='bbox 917 2943 1123 3045; x_wconf 78' lang='lat' dir='ltr'><strong>frrrgilcrnm</strong></span> <span class='ocrx_word' id='word_1_198' title='bbox 1147 2944 1229 3021; x_wconf 86' lang='lat' dir='ltr'><strong>huic</strong></span> <span class='ocrx_word' id='word_1_199' title='bbox 1248 2944 1422 3019; x_wconf 85' lang='lat' dir='ltr'><strong>iuventuti</strong></span> <span class='ocrx_word' id='word_1_200' title='bbox 1445 2952 1482 3019; x_wconf 89' lang='lat' dir='ltr'><strong>et</strong></span> <span class='ocrx_word' id='word_1_201' title='bbox 1509 2944 1610 3021; x_wconf 88' lang='lat' dir='ltr'><strong>bonis</strong></span> <span class='ocrx_word' id='word_1_202' title='bbox 1634 2946 1769 3021; x_wconf 89' lang='lat' dir='ltr'><strong>artibus</strong></span> 
     </span>
     <span class='ocr_line' id='line_1_20' title="bbox 255 3058 1863 3162; baseline 0.005 -29"><span class='ocrx_word' id='word_1_203' title='bbox 255 3067 292 3133; x_wconf 89' lang='lat' dir='ltr'><strong>et</strong></span> <span class='ocrx_word' id='word_1_204' title='bbox 325 3058 504 3136; x_wconf 85' lang='lat' dir='ltr'><strong>universae</strong></span> <span class='ocrx_word' id='word_1_205' title='bbox 539 3069 677 3137; x_wconf 86' lang='lat' dir='ltr'><strong>nostrae</strong></span> <span class='ocrx_word' id='word_1_206' title='bbox 710 3062 938 3161; x_wconf 87' lang='lat' dir='ltr'><strong>reipublicae,</strong></span> <span class='ocrx_word' id='word_1_207' title='bbox 972 3087 1077 3162; x_wconf 88' lang='lat' dir='ltr'><strong>quam</strong></span> <span class='ocrx_word' id='word_1_208' title='bbox 1108 3064 1146 3137; x_wconf 92' lang='lat' dir='ltr'><strong>id</strong></span> <span class='ocrx_word' id='word_1_209' title='bbox 1175 3062 1270 3161; x_wconf 91' lang='lat' dir='ltr'><strong>quod</strong></span> <span class='ocrx_word' id='word_1_210' title='bbox 1297 3071 1436 3138; x_wconf 76' lang='lat' dir='ltr'><strong>suenue</strong></span> <span class='ocrx_word' id='word_1_211' title='bbox 1459 3067 1620 3162; x_wconf 87' lang='lat' dir='ltr'><strong>cupimus</strong></span> <span class='ocrx_word' id='word_1_212' title='bbox 1645 3071 1682 3140; x_wconf 88' lang='lat' dir='ltr'><strong>et</strong></span> <span class='ocrx_word' id='word_1_213' title='bbox 1710 3090 1768 3141; x_wconf 85' lang='lat' dir='ltr'><strong>an·</strong></span> <span class='ocrx_word' id='word_1_214' title='bbox 1854 3100 1863 3123; x_wconf 67' lang='grc' dir='ltr'>ν</span> 
     </span>
     <span class='ocr_line' id='line_1_21' title="bbox 249 3176 1767 3281; baseline 0.004 -29"><span class='ocrx_word' id='word_1_215' title='bbox 249 3176 424 3276; x_wconf 87' lang='lat' dir='ltr'><strong>patimus,</strong></span> <span class='ocrx_word' id='word_1_216' title='bbox 449 3178 545 3277; x_wconf 88' lang='lat' dir='ltr'><strong>quod</strong></span> <span class='ocrx_word' id='word_1_217' title='bbox 567 3177 655 3254; x_wconf 84' lang='lat' dir='ltr'><strong>forte</strong></span> <span class='ocrx_word' id='word_1_218' title='bbox 679 3182 832 3257; x_wconf 89' lang='lat' dir='ltr'><strong>oratione</strong></span> <span class='ocrx_word' id='word_1_219' title='bbox 854 3182 968 3258; x_wconf 80' lang='lat' dir='ltr'><strong>dicare</strong></span> <span class='ocrx_word' id='word_1_220' title='bbox 994 3206 1065 3257; x_wconf 91' lang='lat' dir='ltr'><strong>uon</strong></span> <span class='ocrx_word' id='word_1_221' title='bbox 1091 3189 1234 3271; x_wconf 57' lang='lat' dir='ltr'><strong>satsat</strong></span> <span class='ocrx_word' id='word_1_222' title='bbox 1256 3178 1368 3281; x_wconf 85' lang='lat' dir='ltr'><strong>signis·</strong></span> <span class='ocrx_word' id='word_1_223' title='bbox 1388 3180 1537 3258; x_wconf 83' lang='lat' dir='ltr'><strong>maxime</strong></span> <span class='ocrx_word' id='word_1_224' title='bbox 1562 3182 1767 3260; x_wconf 82' lang='lat' dir='ltr'><strong>miserandis</strong></span> 
     </span>
     <span class='ocr_line' id='line_1_22' title="bbox 250 3296 1822 3401; baseline 0.003 -28"><span class='ocrx_word' id='word_1_225' title='bbox 250 3296 411 3395; x_wconf 77' lang='lat' dir='ltr'><strong>portacile</strong></span> <span class='ocrx_word' id='word_1_226' title='bbox 434 3298 601 3389; x_wconf 86' lang='lat' dir='ltr'><strong>noscitur.</strong></span> <span class='ocrx_word' id='word_1_227' title='bbox 650 3300 754 3390; x_wconf 85' lang='lat' dir='ltr'><strong>Fuit,</strong></span> <span class='ocrx_word' id='word_1_228' title='bbox 777 3326 859 3377; x_wconf 90' lang='lat' dir='ltr'><strong>cum</strong></span> <span class='ocrx_word' id='word_1_229' title='bbox 882 3300 1135 3401; x_wconf 88' lang='lat' dir='ltr'><strong>sapientissima</strong></span> <span class='ocrx_word' id='word_1_230' title='bbox 1157 3300 1290 3375; x_wconf 89' lang='lat' dir='ltr'><strong>ratione</strong></span> <span class='ocrx_word' id='word_1_231' title='bbox 1310 3298 1361 3374; x_wconf 87' lang='lat' dir='ltr'><strong>ita</strong></span> <span class='ocrx_word' id='word_1_232' title='bbox 1382 3306 1456 3375; x_wconf 88' lang='lat' dir='ltr'><strong>erat</strong></span> <span class='ocrx_word' id='word_1_233' title='bbox 1478 3299 1700 3390; x_wconf 87' lang='lat' dir='ltr'><strong>institutum,</strong></span> <span class='ocrx_word' id='word_1_234' title='bbox 1725 3311 1766 3377; x_wconf 91' lang='grc' dir='ltr'><strong>ιιι</strong></span> <span class='ocrx_word' id='word_1_235' title='bbox 1806 3314 1822 3349; x_wconf 64' lang='grc'><strong>“</strong></span> 
     </span>
     <span class='ocr_line' id='line_1_23' title="bbox 249 3415 1765 3520; baseline 0.005 -30"><span class='ocrx_word' id='word_1_236' title='bbox 249 3416 390 3514; x_wconf 86' lang='lat' dir='ltr'><strong>publice</strong></span> <span class='ocrx_word' id='word_1_237' title='bbox 410 3415 596 3491; x_wconf 84' lang='lat' dir='ltr'><strong>haberetur</strong></span> <span class='ocrx_word' id='word_1_238' title='bbox 616 3419 832 3518; x_wconf 89' lang='lat' dir='ltr'><strong>disquisitio,</strong></span> <span class='ocrx_word' id='word_1_239' title='bbox 856 3444 926 3517; x_wconf 89' lang='lat' dir='ltr'><strong>qna</strong></span> <span class='ocrx_word' id='word_1_240' title='bbox 947 3427 1127 3517; x_wconf 89' lang='lat' dir='ltr'><strong>tamquam</strong></span> <span class='ocrx_word' id='word_1_241' title='bbox 1145 3418 1256 3516; x_wconf 86' lang='lat' dir='ltr'><strong>ipsius</strong></span> <span class='ocrx_word' id='word_1_242' title='bbox 1274 3416 1422 3493; x_wconf 87' lang='lat' dir='ltr'><strong>civitatis</strong></span> <span class='ocrx_word' id='word_1_243' title='bbox 1439 3418 1597 3493; x_wconf 85' lang='lat' dir='ltr'><strong>examine</strong></span> <span class='ocrx_word' id='word_1_244' title='bbox 1619 3420 1765 3520; x_wconf 79' lang='lat' dir='ltr'><strong>planum</strong></span> 
     </span>
     <span class='ocr_line' id='line_1_24' title="bbox 248 3534 1761 3639; baseline 0.004 -28"><span class='ocrx_word' id='word_1_245' title='bbox 248 3536 365 3623; x_wconf 84' lang='lat' dir='ltr'><strong>fieret,</strong></span> <span class='ocrx_word' id='word_1_246' title='bbox 390 3534 472 3635; x_wconf 91' lang='lat' dir='ltr'><strong>quis</strong></span> <span class='ocrx_word' id='word_1_247' title='bbox 498 3536 647 3635; x_wconf 89' lang='lat' dir='ltr'><strong>dignus,</strong></span> <span class='ocrx_word' id='word_1_248' title='bbox 671 3538 751 3635; x_wconf 87' lang='lat' dir='ltr'><strong>quis</strong></span> <span class='ocrx_word' id='word_1_249' title='bbox 778 3537 874 3612; x_wconf 82' lang='lat' dir='ltr'><strong>utilis</strong></span> <span class='ocrx_word' id='word_1_250' title='bbox 897 3542 1009 3628; x_wconf 84' lang='lat' dir='ltr'><strong>esset,</strong></span> <span class='ocrx_word' id='word_1_251' title='bbox 1033 3536 1225 3637; x_wconf 87' lang='lat' dir='ltr'><strong>quianon,</strong></span> <span class='ocrx_word' id='word_1_252' title='bbox 1249 3559 1331 3611; x_wconf 89' lang='lat' dir='ltr'><strong>curn</strong></span> <span class='ocrx_word' id='word_1_253' title='bbox 1349 3536 1450 3636; x_wconf 87' lang='lat' dir='ltr'><strong>quasi</strong></span> <span class='ocrx_word' id='word_1_254' title='bbox 1469 3537 1545 3637; x_wconf 87' lang='lat' dir='ltr'><strong>ipsa</strong></span> <span class='ocrx_word' id='word_1_255' title='bbox 1564 3538 1761 3639; x_wconf 84' lang='lat' dir='ltr'><strong>respublica</strong></span> 
     </span>
     <span class='ocr_line' id='line_1_25' title="bbox 249 3655 1762 3757; baseline 0.004 -26"><span class='ocrx_word' id='word_1_256' title='bbox 249 3680 309 3731; x_wconf 88' lang='lat' dir='ltr'><strong>eos</strong></span> <span class='ocrx_word' id='word_1_257' title='bbox 332 3664 465 3731; x_wconf 84' lang='lat' dir='ltr'><strong>curarat</strong></span> <span class='ocrx_word' id='word_1_258' title='bbox 490 3655 604 3756; x_wconf 90' lang='lat' dir='ltr'><strong>iisque</strong></span> <span class='ocrx_word' id='word_1_259' title='bbox 625 3657 853 3757; x_wconf 86' lang='lat' dir='ltr'><strong>prospiceret,</strong></span> <span class='ocrx_word' id='word_1_260' title='bbox 876 3657 939 3757; x_wconf 91' lang='lat' dir='ltr'><strong>qui</strong></span> <span class='ocrx_word' id='word_1_261' title='bbox 963 3682 1045 3733; x_wconf 84' lang='lat' dir='ltr'><strong>mon</strong></span> <span class='ocrx_word' id='word_1_262' title='bbox 1063 3657 1175 3756; x_wconf 84' lang='lat' dir='ltr'><strong>ipsam</strong></span> <span class='ocrx_word' id='word_1_263' title='bbox 1193 3662 1310 3731; x_wconf 88' lang='lat' dir='ltr'><strong>essent</strong></span> <span class='ocrx_word' id='word_1_264' title='bbox 1334 3680 1377 3731; x_wconf 86' lang='lat' dir='ltr'><strong>ex</strong></span> <span class='ocrx_word' id='word_1_265' title='bbox 1397 3679 1525 3755; x_wconf 82' lang='lat' dir='ltr'><strong>magna</strong></span> <span class='ocrx_word' id='word_1_266' title='bbox 1546 3664 1643 3756; x_wconf 86' lang='lat' dir='ltr'><strong>parta</strong></span> <span class='ocrx_word' id='word_1_267' title='bbox 1664 3682 1762 3737; x_wconf 91' lang='lat' dir='ltr'><strong>cura·</strong></span> 
     </span>
     <span class='ocr_line' id='line_1_26' title="bbox 249 3774 1765 3879; baseline 0.004 -30"><span class='ocrx_word' id='word_1_268' title='bbox 249 3775 333 3878; x_wconf 80' lang='lat' dir='ltr'><strong>turi.</strong></span> <span class='ocrx_word' id='word_1_269' title='bbox 380 3774 564 3851; x_wconf 71' lang='lat' dir='ltr'><strong>catuleas</strong></span> <span class='ocrx_word' id='word_1_270' title='bbox 588 3774 852 3853; x_wconf 83' lang='lat' dir='ltr'><strong>saluberrimum</strong></span> <span class='ocrx_word' id='word_1_271' title='bbox 876 3778 942 3853; x_wconf 92' lang='lat' dir='ltr'><strong>hoc</strong></span> <span class='ocrx_word' id='word_1_272' title='bbox 962 3777 1162 3853; x_wconf 86' lang='lat' dir='ltr'><strong>institutum</strong></span> <span class='ocrx_word' id='word_1_273' title='bbox 1188 3774 1410 3875; x_wconf 85' lang='lat' dir='ltr'><strong>iniquitates,</strong></span> <span class='ocrx_word' id='word_1_274' title='bbox 1434 3782 1630 3875; x_wconf 91' lang='lat' dir='ltr'><strong>temporum</strong></span> <span class='ocrx_word' id='word_1_275' title='bbox 1652 3780 1765 3879; x_wconf 87' lang='lat' dir='ltr'><strong>magis</strong></span> 
     </span>
     <span class='ocr_line' id='line_1_27' title="bbox 248 3894 1760 3997; baseline 0.003 -26"><span class='ocrx_word' id='word_1_276' title='bbox 248 3895 352 3971; x_wconf 86' lang='lat' dir='ltr'><strong>etiam</strong></span> <span class='ocrx_word' id='word_1_277' title='bbox 386 3920 490 3996; x_wconf 87' lang='lat' dir='ltr'><strong>quam</strong></span> <span class='ocrx_word' id='word_1_278' title='bbox 524 3894 724 3985; x_wconf 89' lang='lat' dir='ltr'><strong>hominum,</strong></span> <span class='ocrx_word' id='word_1_279' title='bbox 754 3904 790 3971; x_wconf 89' lang='lat' dir='ltr'><strong>et</strong></span> <span class='ocrx_word' id='word_1_280' title='bbox 813 3896 852 3971; x_wconf 87' lang='lat' dir='ltr'><strong>hi</strong></span> <span class='ocrx_word' id='word_1_281' title='bbox 874 3920 1013 3997; x_wconf 86' lang='lat' dir='ltr'><strong>quoque</strong></span> <span class='ocrx_word' id='word_1_282' title='bbox 1037 3895 1150 3997; x_wconf 88' lang='lat' dir='ltr'><strong>magis</strong></span> <span class='ocrx_word' id='word_1_283' title='bbox 1174 3894 1324 3971; x_wconf 84' lang='lat' dir='ltr'><strong>universi</strong></span> <span class='ocrx_word' id='word_1_284' title='bbox 1348 3918 1527 3994; x_wconf 83' lang='lat' dir='ltr'><strong>perperam</strong></span> <span class='ocrx_word' id='word_1_285' title='bbox 1549 3896 1760 3996; x_wconf 83' lang='lat' dir='ltr'><strong>probarunt,</strong></span> 
     </span>
     <span class='ocr_line' id='line_1_28' title="bbox 248 4013 1761 4118; baseline 0.003 -27"><span class='ocrx_word' id='word_1_286' title='bbox 248 4016 345 4115; x_wconf 90' lang='lat' dir='ltr'><strong>quod</strong></span> <span class='ocrx_word' id='word_1_287' title='bbox 362 4016 553 4091; x_wconf 87' lang='lat' dir='ltr'><strong>iucundum</strong></span> <span class='ocrx_word' id='word_1_288' title='bbox 576 4029 685 4105; x_wconf 88' lang='lat' dir='ltr'><strong>esset,</strong></span> <span class='ocrx_word' id='word_1_289' title='bbox 710 4024 747 4091; x_wconf 92' lang='lat' dir='ltr'><strong>et</strong></span> <span class='ocrx_word' id='word_1_290' title='bbox 767 4016 865 4092; x_wconf 90' lang='lat' dir='ltr'><strong>mitia</strong></span> <span class='ocrx_word' id='word_1_291' title='bbox 887 4016 1032 4092; x_wconf 87' lang='lat' dir='ltr'><strong>utilibus</strong></span> <span class='ocrx_word' id='word_1_292' title='bbox 1051 4023 1297 4115; x_wconf 84' lang='lat' dir='ltr'><strong>anteposuere,</strong></span> <span class='ocrx_word' id='word_1_293' title='bbox 1324 4037 1431 4113; x_wconf 92' lang='lat' dir='ltr'><strong>quam</strong></span> <span class='ocrx_word' id='word_1_294' title='bbox 1451 4013 1581 4115; x_wconf 82' lang='lat' dir='ltr'><strong>singuli</strong></span> <span class='ocrx_word' id='word_1_295' title='bbox 1597 4017 1761 4118; x_wconf 90' lang='lat' dir='ltr'><strong>culpandi</strong></span> 
     </span>
     <span class='ocr_line' id='line_1_29' title="bbox 250 4131 1760 4237; baseline 0.001 -25"><span class='ocrx_word' id='word_1_296' title='bbox 250 4145 344 4214; x_wconf 89' lang='lat' dir='ltr'><strong>aunt.</strong></span> <span class='ocrx_word' id='word_1_297' title='bbox 393 4138 469 4213; x_wconf 91' lang='lat' dir='ltr'><strong>Nec</strong></span> <span class='ocrx_word' id='word_1_298' title='bbox 493 4145 608 4212; x_wconf 70' lang='lat' dir='ltr'><strong>umen</strong></span> <span class='ocrx_word' id='word_1_299' title='bbox 630 4144 693 4213; x_wconf 90' lang='lat' dir='ltr'><strong>aut</strong></span> <span class='ocrx_word' id='word_1_300' title='bbox 714 4137 762 4213; x_wconf 76' lang='lat' dir='ltr'><strong>hi.</strong></span> <span class='ocrx_word' id='word_1_301' title='bbox 776 4137 879 4237; x_wconf 90' lang='lat' dir='ltr'><strong>culpa</strong></span> <span class='ocrx_word' id='word_1_302' title='bbox 901 4143 1046 4224; x_wconf 76' lang='lat' dir='ltr'><strong>vamnt,</strong></span> <span class='ocrx_word' id='word_1_303' title='bbox 1070 4144 1132 4209; x_wconf 88' lang='lat' dir='ltr'><strong>ant</strong></span> <span class='ocrx_word' id='word_1_304' title='bbox 1154 4159 1217 4210; x_wconf 90' lang='lat' dir='ltr'><strong>nos</strong></span> <span class='ocrx_word' id='word_1_305' title='bbox 1236 4131 1455 4223; x_wconf 86' lang='lat' dir='ltr'><strong>vacabimus,</strong></span> <span class='ocrx_word' id='word_1_306' title='bbox 1480 4133 1548 4209; x_wconf 88' lang='lat' dir='ltr'><strong>nisi</strong></span> <span class='ocrx_word' id='word_1_307' title='bbox 1569 4135 1760 4227; x_wconf 91' lang='lat' dir='ltr'><strong>coniuncti,</strong></span> 
     </span>
     <span class='ocr_line' id='line_1_30' title="bbox 249 4252 1759 4355; baseline 0.001 -24"><span class='ocrx_word' id='word_1_308' title='bbox 249 4256 359 4332; x_wconf 90' lang='lat' dir='ltr'><strong>donec</strong></span> <span class='ocrx_word' id='word_1_309' title='bbox 382 4256 538 4333; x_wconf 87' lang='lat' dir='ltr'><strong>deleatur</strong></span> <span class='ocrx_word' id='word_1_310' title='bbox 560 4256 761 4355; x_wconf 71' lang='lat' dir='ltr'><strong>Karthago,</strong></span> <span class='ocrx_word' id='word_1_311' title='bbox 784 4254 880 4332; x_wconf 89' lang='lat' dir='ltr'><strong>omni</strong></span> <span class='ocrx_word' id='word_1_312' title='bbox 903 4254 938 4329; x_wconf 82' lang='lat' dir='ltr'><strong>vi</strong></span> <span class='ocrx_word' id='word_1_313' title='bbox 957 4252 1068 4330; x_wconf 91' lang='lat' dir='ltr'><strong>anniti</strong></span> <span class='ocrx_word' id='word_1_314' title='bbox 1088 4277 1294 4353; x_wconf 86' lang='lat' dir='ltr'><strong>pergamus,</strong></span> <span class='ocrx_word' id='word_1_315' title='bbox 1318 4252 1386 4327; x_wconf 92' lang='lat' dir='ltr'><strong>nisi</strong></span> <span class='ocrx_word' id='word_1_316' title='bbox 1407 4252 1579 4352; x_wconf 88' lang='lat' dir='ltr'><strong>quidquid</strong></span> <span class='ocrx_word' id='word_1_317' title='bbox 1598 4253 1636 4329; x_wconf 90' lang='lat' dir='ltr'><strong>in</strong></span> <span class='ocrx_word' id='word_1_318' title='bbox 1656 4256 1759 4333; x_wconf 88' lang='lat' dir='ltr'><strong>nobis</strong></span> 
     </span>
     <span class='ocr_line' id='line_1_31' title="bbox 249 4371 1759 4474; baseline 0.001 -24"><span class='ocrx_word' id='word_1_319' title='bbox 249 4374 316 4464; x_wconf 91' lang='lat' dir='ltr'><strong>sit,</strong></span> <span class='ocrx_word' id='word_1_320' title='bbox 340 4374 378 4449; x_wconf 92' lang='lat' dir='ltr'><strong>id</strong></span> <span class='ocrx_word' id='word_1_321' title='bbox 398 4398 502 4451; x_wconf 89' lang='lat' dir='ltr'><strong>omne</strong></span> <span class='ocrx_word' id='word_1_322' title='bbox 525 4374 732 4461; x_wconf 81' lang='lat' dir='ltr'><strong>adhibeatur</strong></span> <span class='ocrx_word' id='word_1_323' title='bbox 754 4383 795 4451; x_wconf 90' lang='lat' dir='ltr'><strong>ut</strong></span> <span class='ocrx_word' id='word_1_324' title='bbox 817 4398 991 4451; x_wconf 84' lang='lat' dir='ltr'><strong>servemus</strong></span> <span class='ocrx_word' id='word_1_325' title='bbox 1010 4373 1219 4474; x_wconf 85' lang='lat' dir='ltr'><strong>primoribus</strong></span> <span class='ocrx_word' id='word_1_326' title='bbox 1240 4372 1430 4447; x_wconf 85' lang='lat' dir='ltr'><strong>iuventutis</strong></span> <span class='ocrx_word' id='word_1_327' title='bbox 1450 4371 1487 4446; x_wconf 91' lang='lat' dir='ltr'><strong>in</strong></span> <span class='ocrx_word' id='word_1_328' title='bbox 1507 4373 1620 4473; x_wconf 84' lang='lat' dir='ltr'><strong>patria</strong></span> <span class='ocrx_word' id='word_1_329' title='bbox 1640 4383 1759 4453; x_wconf 87' lang='lat' dir='ltr'><strong>nostra</strong></span> 
     </span>
     <span class='ocr_line' id='line_1_32' title="bbox 179 4492 1758 4595; baseline 0.002 -24"><span class='ocrx_word' id='word_1_330' title='bbox 179 4560 195 4571; x_wconf 91' lang='lat'><em>.</em></span> <span class='ocrx_word' id='word_1_331' title='bbox 249 4495 384 4592; x_wconf 85' lang='lat' dir='ltr'><strong>integra</strong></span> <span class='ocrx_word' id='word_1_332' title='bbox 415 4493 483 4569; x_wconf 88' lang='lat' dir='ltr'><strong>ista</strong></span> <span class='ocrx_word' id='word_1_333' title='bbox 515 4494 773 4595; x_wconf 87' lang='lat' dir='ltr'><strong>quinquennia,</strong></span> <span class='ocrx_word' id='word_1_334' title='bbox 806 4519 896 4595; x_wconf 85' lang='lat' dir='ltr'><strong>quae</strong></span> <span class='ocrx_word' id='word_1_335' title='bbox 929 4493 1030 4570; x_wconf 87' lang='lat' dir='ltr'><strong>nobis</strong></span> <span class='ocrx_word' id='word_1_336' title='bbox 1055 4495 1230 4571; x_wconf 88' lang='lat' dir='ltr'><strong>ineassum</strong></span> <span class='ocrx_word' id='word_1_337' title='bbox 1262 4500 1381 4568; x_wconf 88' lang='lat' dir='ltr'><strong>contra</strong></span> <span class='ocrx_word' id='word_1_338' title='bbox 1403 4492 1617 4569; x_wconf 88' lang='lat' dir='ltr'><strong>luctantibus</strong></span> <span class='ocrx_word' id='word_1_339' title='bbox 1635 4496 1758 4573; x_wconf 87' lang='lat' dir='ltr'><strong>misere</strong></span> 
     </span>
     <span class='ocr_line' id='line_1_33' title="bbox 250 4610 1756 4716; baseline 0.003 -29"><span class='ocrx_word' id='word_1_340' title='bbox 250 4612 488 4712; x_wconf 86' lang='lat' dir='ltr'><strong>disperibunt,</strong></span> <span class='ocrx_word' id='word_1_341' title='bbox 519 4613 588 4689; x_wconf 87' lang='lat' dir='ltr'><strong>nisi</strong></span> <span class='ocrx_word' id='word_1_342' title='bbox 617 4615 701 4704; x_wconf 90' lang='lat' dir='ltr'><strong>boc,</strong></span> <span class='ocrx_word' id='word_1_343' title='bbox 734 4613 923 4716; x_wconf 88' lang='lat' dir='ltr'><strong>importuni</strong></span> <span class='ocrx_word' id='word_1_344' title='bbox 945 4614 1108 4703; x_wconf 81' lang='lat' dir='ltr'><strong>forsitan,</strong></span> <span class='ocrx_word' id='word_1_345' title='bbox 1132 4614 1194 4689; x_wconf 84' lang='lat' dir='ltr'><strong>aad</strong></span> <span class='ocrx_word' id='word_1_346' title='bbox 1218 4612 1312 4687; x_wconf 89' lang='lat' dir='ltr'><strong>boni&#39;</strong></span> <span class='ocrx_word' id='word_1_347' title='bbox 1325 4611 1435 4699; x_wconf 83' lang='lat' dir='ltr'><strong>cives,</strong></span> <span class='ocrx_word' id='word_1_348' title='bbox 1460 4610 1667 4691; x_wconf 85' lang='lat' dir='ltr'><strong>beneficium</strong></span> <span class='ocrx_word' id='word_1_349' title='bbox 1696 4638 1756 4691; x_wconf 84' lang='lat' dir='ltr'><strong>ex·</strong></span> 
     </span>
     <span class='ocr_line' id='line_1_34' title="bbox 248 4730 1545 4833; baseline 0.003 -28"><span class='ocrx_word' id='word_1_350' title='bbox 248 4730 506 4830; x_wconf 88' lang='lat' dir='ltr'><strong>optatissimum</strong></span> <span class='ocrx_word' id='word_1_351' title='bbox 529 4732 671 4810; x_wconf 88' lang='lat' dir='ltr'><strong>tandem</strong></span> <span class='ocrx_word' id='word_1_352' title='bbox 694 4734 918 4833; x_wconf 89' lang='lat' dir='ltr'><strong>impetratum</strong></span> <span class='ocrx_word' id='word_1_353' title='bbox 941 4734 978 4809; x_wconf 95' lang='lat' dir='ltr'><strong>in</strong></span> <span class='ocrx_word' id='word_1_354' title='bbox 1004 4733 1262 4833; x_wconf 83' lang='lat' dir='ltr'><strong>hanc&#39;patriam</strong></span> <span class='ocrx_word' id='word_1_355' title='bbox 1287 4730 1545 4809; x_wconf 87' lang='lat' dir='ltr'><strong>contulerimus.</strong></span> 
     </span>
    </p>
   </div>
   <div class='ocr_carea' id='block_1_3' title="bbox 297 4850 1758 5047">
    <p class='ocr_par' dir='ltr' id='par_1_3' title="bbox 297 4850 1758 5047">
     <span class='ocr_line' id='line_1_35' title="bbox 297 4850 1758 4956; baseline 0.004 -31"><span class='ocrx_word' id='word_1_356' title='bbox 297 4850 354 4927; x_wconf 86' lang='lat' dir='ltr'><strong>Ne</strong></span> <span class='ocrx_word' id='word_1_357' title='bbox 381 4858 497 4929; x_wconf 88' lang='lat' dir='ltr'><strong>tamen</strong></span> <span class='ocrx_word' id='word_1_358' title='bbox 528 4851 613 4931; x_wconf 87' lang='lat' dir='ltr'><strong>haee</strong></span> <span class='ocrx_word' id='word_1_359' title='bbox 639 4854 718 4930; x_wconf 84' lang='lat' dir='ltr'><strong>ideo</strong></span> <span class='ocrx_word' id='word_1_360' title='bbox 740 4854 834 4931; x_wconf 89' lang='lat' dir='ltr'><strong>dicta</strong></span> <span class='ocrx_word' id='word_1_361' title='bbox 853 4853 1042 4945; x_wconf 86' lang='lat' dir='ltr'><strong>censeatis,</strong></span> <span class='ocrx_word' id='word_1_362' title='bbox 1066 4854 1166 4954; x_wconf 88' lang='lat' dir='ltr'><strong>quasi</strong></span> <span class='ocrx_word' id='word_1_363' title='bbox 1186 4877 1246 4929; x_wconf 84' lang='lat' dir='ltr'><strong>vos</strong></span> <span class='ocrx_word' id='word_1_364' title='bbox 1267 4877 1337 4928; x_wconf 91' lang='lat' dir='ltr'><strong>non</strong></span> <span class='ocrx_word' id='word_1_365' title='bbox 1365 4851 1447 4929; x_wconf 89' lang='lat' dir='ltr'><strong>satis</strong></span> <span class='ocrx_word' id='word_1_366' title='bbox 1471 4850 1671 4952; x_wconf 86' lang='lat' dir='ltr'><strong>probarem,</strong></span> <span class='ocrx_word' id='word_1_367' title='bbox 1694 4879 1758 4956; x_wconf 90' lang='lat' dir='ltr'><strong>op·</strong></span> 
     </span>
     <span class='ocr_line' id='line_1_36' title="bbox 1471 4973 1517 5047; baseline 0 0"><span class='ocrx_word' id='word_1_368' title='bbox 1471 4973 1517 5047; x_wconf 82' lang='grc'><strong>89</strong></span> 
     </span>
    </p>
   </div>
   <div class='ocr_carea' id='block_1_4' title="bbox 0 0 2450 6184">
    <p class='ocr_par' dir='ltr' id='par_1_4' title="bbox 0 0 2450 6184">
     <span class='ocr_line' id='line_1_37' title="bbox 0 0 2450 6184; baseline 0 0"><span class='ocrx_word' id='word_1_369' title='bbox 0 0 2450 6184; x_wconf 95' lang='lat' dir='ltr'><strong> </strong></span> 
     </span>
    </p>
   </div>
  </div>
 </body>
</html>
