4892 6184
736 691 781 760 u
1342 687 1381 754 ll.
1414 687 1450 754 E.
1486 683 1660 756 ΗΠΒ

734 921 876 1000 quoqne
907 895 1181 974 Eoelcsimocrti
1212 893 1365 994 denique
1397 897 1504 986 fines,
1539 892 2253 994 musquosiudocsndoprogratlimi·

735 1015 1087 1240 nimepofflsit,
1123 1011 2251 1116 neccommendsudsplemestlruartandpacsmtaslitoe

735 1164 811 1218 oon
1000 1137 1078 1228 ιὕ).

783 1378 863 1454 Alia
886 1377 995 1480 igitur
1016 1374 1170 1452 ineunda
1193 1383 1248 1450 ast
1273 1375 1347 1464 via,
1374 1383 1411 1450 ct
1432 1401 1474 1452 oa
1499 1377 1666 1475 quidem,
1698 1373 1951 1460 meoiudicio,
1975 1395 2083 1472 quam
2110 1372 2250 1446 demon·

734 1497 1396 1596 stratorationismcaeargumentum
1431 1497 1602 1572 Memoris
1626 1491 1964 1570 nimirumteueuds
1987 1500 2041 1567 est
2064 1492 2249 1565 etincm·

735 1621 835 1696 nium
854 1617 980 1696 animis
998 1616 1231 1718 imprimenda
1249 1641 1329 1692 sera
1347 1617 1432 1692 fidei
1452 1617 1670 1692 Christianae
1689 1616 1795 1690 notio.
1831 1615 1950 1692 Quam
1972 1612 2003 1686 si
2023 1611 2248 1698 attendimus,

734 1763 804 1816 uon
834 1737 949 1816 omnis
977 1735 1121 1838 quidem
1152 1735 1268 1812 deleto
1296 1735 1362 1810 erit
1393 1761 1514 1836 pugus
1545 1749 1650 1836 amus
1679 1734 1868 1821 dissensio3
1905 1731 2027 1806 sedin
2053 1733 2248 1806 necesariis

734 1857 1011 1948 consentiemus,
1045 1867 1082 1932 ct
1112 1855 1158 1932 de
1179 1855 1303 1932 octaris
1327 1857 1439 1932 amica
1462 1857 1528 1932 erit
1551 1857 1752 1956 disputatio.
1802 1853 1910 1932 Quod
1934 1861 1975 1926 ut
1999 1859 2138 1951 potest,
2171 1877 2249 1950 age-

736 1981 842 2070 dum,
866 1979 904 2054 in
926 1977 1128 2054 memoriam
1150 1977 1253 2052 nobis
1273 2001 1499 2066 revocemus,
1521 2001 1612 2076 qmc
1636 2001 1717 2051 sero
1737 1974 1820 2050 fidei
1839 1972 2058 2048 Christianae
2073 1971 2166 2045 notio
2185 1973 2248 2056 sit,

734 2107 813 2176 tum
835 2097 982 2186 obiecti,
1006 2105 1084 2172 tum
1107 2095 1235 2172 indolis
1258 2095 1391 2172 ratione
1414 2097 1544 2174 habita.

787 2339 961 2412 obiectum
992 2335 1070 2410 eius
1100 2343 1174 2423 est,
1207 2359 1251 2410 eu
1280 2335 1369 2412 Iaso
1401 2341 1438 2410 et
1465 2334 1713 2434 Apostolorum
1743 2331 1982 2419 institutione,
2016 2339 2056 2406 ut
2080 2331 2246 2418 vidimus,

735 2459 907 2547 doctrino,
936 2479 1044 2556 quam
1069 2454 1345 2545 denunciarunt,
1371 2454 1553 2554 inprimis
1576 2455 1821 2554 Ecanpels'sar,
1851 2453 2004 2526 maxime
2029 2451 2105 2550 ipso
2137 2451 2246 2526 Curr-

734 2601 837 2666 snus,
872 2574 998 2652 unicus
1028 2574 1211 2650 hominum
1235 2575 1480 2664 conservator,
1505 2577 1689 2673 Deaeque,
1717 2572 1780 2673 qui
1802 2570 1918 2646 dando
1942 2571 2020 2659 illo,
2046 2595 2145 2645 suam
2170 2595 2247 2669 erga

733 2719 798 2770 nos
826 2692 1101 2768 benevolentiam
1124 2693 1163 2767 in
1185 2681 1472 2769 loca'collocavit.
1515 2693 1738 2774 Quibuscum
1760 2693 2002 2782 consentiunt,
2028 2701 2068 2766 ut
2092 2691 2244 2791 probavi·

733 2837 834 2902 mus,
869 2837 960 2912 quae
993 2835 1167 2888 sacrorum
1198 2813 1452 2892 instauratores
1482 2813 1685 2888 docueruut.
1730 2811 1809 2887 Hoc
1837 2811 1946 2912 igitur
1979 2811 2151 2887 obiectum
2174 2811 2245 2884 fide

734 2931 985 3031 amplectamur
1006 2953 1146 3006 neomso
1168 2937 1232 3006 ast.
1281 2931 1383 3022 Quod
1407 2931 1469 3030 qui
1490 2932 1622 3032 speruit
1640 2939 1677 3006 et
1697 2932 1878 3031 repudiat,
1899 2933 1949 3019 is,
1973 2931 2068 3031 quod
2080 2931 2243 3009 moderati

734 3049 838 3128 etiam
863 3073 1011 3150 sorsque
1030 3049 1188 3126 liberales
1212 3049 1379 3151 'l'haologi
1401 3059 1611 3152 agnoscunt,
1640 3077 1704 3127 uec
1723 3053 1880 3126 Ouarsm
1898 3051 2109 3151 discipulus,
2132 3051 2243 3126 Eccle-

732 3171 874 3272 siaoque
894 3169 1114 3246 Rolormatao
1137 3169 1250 3246 socim
1272 3169 1340 3246 dici
1362 3179 1496 3272 potest,
1521 3197 1585 3248 uec
1604 3173 1751 3248 docendi
1769 3197 1912 3248 munere
1930 3173 2032 3271 fungi
2043 3171 2119 3262 m).
2157 3171 2243 3244 Cou-
2388 3241 2389 3269 p

653 3293 660 3306 ‘
733 3298 788 3366 tra
820 3289 882 3390 qni
906 3289 972 3366 hoc
996 3289 1171 3366 obiectum
1197 3297 1315 3367 mente
1337 3301 1373 3368 et
1397 3293 1513 3368 auimo
1537 3293 1798 3395 comprehendit
1820 3301 2001 3393 tenetque,
2035 3292 2088 3380 is,
2120 3293 2244 3390 quippe
2388 3287 2389 3312 ¹

733 3434 812 3488 vora
837 3409 907 3487 fido
931 3408 1109 3498 imbutus,
1136 3410 1173 3486 et
1194 3436 1381 3511 germanus
1405 3413 1563 3490 Cuursnr
1590 3413 1781 3512 discipulus
1801 3421 1907 3513 utque
1931 3412 2104 3488 Ecclesiae
2127 3411 2243 3485 Refor-

730 3537 844 3607 matae
867 3529 981 3606 sosius
1001 3540 1056 3606 est
1079 3529 1279 3621 habendus,
1305 3557 1419 3634 neque
1440 3560 1460 3610 a
1485 3534 1632 3610 docendi
1650 3557 1794 3608 munere
1811 3534 2032 3608 amovendus.
2071 3533 2122 3606 At
2142 3555 2240 3630 quae·

731 3659 784 3726 rat
812 3649 903 3726 forto
932 3648 1034 3748 quise
1067 3656 1153 3729 tuoe
1174 3650 1283 3751 igitur
1309 3653 1483 3729 Ecclesiae
1505 3661 1642 3730 nostrae
1663 3653 1768 3728 libros
1794 3653 2000 3751 symbolicos
2022 3651 2121 3727 nihili
2142 3651 2242 3737 fucis,
2387 3691 2388 3722 r

731 3779 767 3846 st
793 3769 1009 3870 abrogaudos
1041 3795 1101 3845 eos
1131 3795 1207 3846 osse
1234 3797 1376 3862 censes,
1406 3797 1494 3872 quos
1529 3782 1646 3849 tomen
1679 3773 1833 3849 Ecclesia
1864 3779 1900 3848 et
1920 3773 2003 3847 olim
2024 3771 2154 3871 recepit
2174 3795 2244 3846 sao

732 3889 881 3990 piusque
902 3889 1138 3979 confirmavit,
1169 3915 1233 3966 noc
1252 3893 1299 3967 od
1321 3892 1415 3968 huuo
1440 3917 1550 3992 usquo
1573 3894 1666 3968 diem
1692 3892 1834 3968 reiecit?
1869 3891 2017 3967 Minime
2038 3915 2137 3966 vero:
2165 3914 2242 3965 con-

732 4019 787 4085 tra
818 4006 937 4108 magui
965 4007 1042 4084 illos
1065 4008 1233 4098 aestimo,
1267 4035 1451 4109 veramque
1473 4009 1712 4112 patefactiouis
1735 4010 1870 4086 divinoe
1889 4009 2079 4084 doctrinam
2101 4009 2144 4082 iis
2165 4033 2242 4082 cou-

732 4127 834 4204 tincti
858 4125 944 4202 mihi
961 4129 1021 4204 ‘est
1041 4129 1355 4227 persuasissimum.
1406 4131 1476 4206 Sed
1497 4131 1590 4206 idem
1613 4129 1804 4218 contendo,
1837 4129 2003 4204 nonnulla
2027 4129 2063 4202 iu
2085 4127 2129 4202 iis
2148 4153 2243 4226 repe-
2386 4143 2387 4172 ³

731 4247 809 4338 riri,
840 4271 930 4347 quae
955 4245 1009 4322 vol
1038 4249 1232 4324 accuratius
1261 4249 1478 4326 enuncianda
1495 4259 1631 4340 esseut,
1661 4249 1715 4326 vel
1734 4249 1842 4324 nimis
1864 4255 2022 4324 accurato
2045 4247 2239 4322 dictasint:

731 4389 878 4468 quorum
907 4363 1154 4466 posterioribus
1185 4367 1297 4465 aptior
1325 4367 1412 4444 mihi
1436 4369 1578 4468 quidem
1603 4371 1698 4446 locus
1723 4393 1799 4445 esso
1826 4368 1962 4444 videtur
1989 4367 2026 4442 in
2057 4367 2244 4465 Theologis

732 4485 951 4586 dogmatica,
981 4507 1087 4584 quam
1115 4485 1151 4560 iu
1178 4485 1422 4564 confossione:
1447 4489 1575 4589 quippe
1606 4513 1695 4588 quos
1722 4487 1961 4589 philosophum
1995 4487 2150 4586 ipsorum
2181 4486 2241 4559 do·
2385 4495 2386 4518 ¹

731 4613 888 4706 gmotom
920 4603 1004 4680 deut
1032 4605 1305 4706 explicationem.
1341 4610 1465 4707 Itaque
1491 4631 1556 4684 uec
1578 4609 1822 4685 contemnendi
1845 4614 1946 4696 sunt,
1974 4607 2036 4706 qui
2056 4605 2180 4681 horum
2198 4604 2240 4677 li·

730 4725 872 4800 brorum
894 4723 1133 4802 ouotoritatem
1156 4750 1356 4804 conservare
1379 4752 1419 4804 ac
1443 4728 1533 4802 tucri
1557 4730 1742 4818 studeaut;
1767 4753 1832 4805 nec
1857 4752 1936 4804 vero
1954 4727 2059 4802 etiam
2080 4725 2240 4800 condem-

730 4843 859 4934 nandi,
887 4849 991 4944 atque
1014 4869 1057 4920 ox
1078 4845 1232 4924 Ecclesia
1257 4847 1485 4938 excludendi,
1513 4849 1595 4948 qui,
1622 4849 1668 4926 ad
1690 4850 1784 4950 ipsos
1807 4850 1913 4926 libros
1938 4845 2143 4946 symbolicos
2163 4868 2244 4943 pro·
2384 4853 2385 4890 ³
