4892 6184
658 705 723 776 rso
906 807 907 815 Ν
1206 707 1241 776 c
1275 703 1414 774 sraa
1446 701 1633 777 acuar

493 973 497 980 .
658 939 679 988 e
704 913 799 990 nuda
824 912 994 1004 hominis,
1019 909 1210 1001 societatis,
1233 912 1318 990 ciris
1339 913 1480 990 notium
1504 911 1722 1000 derivantur,
1746 909 1921 1011 neglecta,
1946 920 2061 1014 spreta
2082 915 2170 994 adeo

656 1033 754 1110 omni
785 1031 941 1108 infinitus
972 1028 1146 1106 varietatis
1172 1037 1278 1132 atque
1297 1031 1466 1108 naturalis
1486 1028 1743 1132 inaequalitatis
1765 1030 2057 1125 consideratione,
2081 1059 2170 1134 quae

655 1157 772 1228 temen
801 1152 838 1227 in
872 1149 968 1226 nullo
990 1149 1220 1226 animantium
1240 1173 1367 1250 genere
1386 1150 1499 1252 magis
1521 1173 1628 1250 quam
1648 1149 1686 1225 in
1709 1173 1836 1250 muers
1861 1150 2014 1230 humano
2035 1156 2170 1253 conspi-

654 1292 721 1344 ous
744 1269 822 1344 est?
870 1270 1098 1344 Denudarust
1126 1267 1236 1369 igitur
1261 1268 1369 1346 vitam
1398 1268 1548 1345 hominis
1578 1269 1764 1361 eomckm,
1796 1267 1906 1344 veluti
1920 1278 2058 1348 {ornatu
2087 1297 2170 1362 suo,

655 1387 870 1464 reseratius
877 1421 892 1475 ,·
916 1389 1004 1464 tau
1026 1385 1205 1464 scientiam
1231 1389 1374 1466 scientis
1396 1388 1483 1465 iuris
1506 1387 1639 1490 publici
1662 1411 1849 1488 remmque
1872 1388 2028 1466 ciuilium
2052 1399 2090 1466 et
2115 1416 2170 1467 so·

654 1505 794 1582 cialium
805 1510 824 1595 3'
840 1509 928 1583 iun‘s
950 1507 1119 1584 actualia
1137 1509 1323 1584 doctrim
1345 1515 1423 1585 tum
1447 1508 1534 1584 iuris
1553 1530 1626 1608 quo
1645 1506 1766 1606 populi
1787 1513 1937 1582 utuntur
1956 1509 2170 1610 cognitione,

654 1633 732 1702 tum
745 1625 907 1702 historiae
921 1624 1226 1726 philosophiaeque
1245 1625 1376 1709 lumine
1396 1625 1594 1726 privaruntr
1619 1630 1661 1698 ut
1683 1645 1791 1722 quam
1810 1621 2012 1700 brevissime
2036 1624 2171 1716 dicam,

653 1742 832 1820 hominem
853 1743 1208 1836 societatsecuerust,
1232 1769 1315 1822 eum
1336 1745 1424 1822 adeo
1443 1745 1482 1820 in
1502 1744 1649 1820 modum
1669 1749 1711 1817 ut
1729 1762 1775 1817 ue
1795 1742 2009 1841 postinitam
2028 1745 2172 1844 quidem

655 1863 772 1940 liberis
798 1862 971 1963 suffragiis
994 1863 1168 1939 civitatem
1192 1887 1275 1940 eum
1296 1887 1379 1940 cum
1400 1864 1466 1940 hac
1489 1861 1669 1939 conciliare
1692 1857 1880 1960 potuerint.

706 1982 776 2059 Hic
800 1967 918 2083 ¹igitur
943 1989 996 2058 est
1029 1983 1183 2060 ambitus
1212 1982 1413 2082 disciplinae
1435 2005 1526 2082 quae
1545 1981 1582 2056 in
1607 1978 1693 2055 iuris
1716 1985 1840 2055 natura
1865 1978 2065 2080 explicanda
2094 2005 2168 2056 ver·

657 2107 764 2176 satur.
815 2102 966 2177 Omnem
995 2100 1238 2201 complectitur
1270 2101 1378 2178 vitam
1409 2099 1561 2177 hominis
1591 2097 1752 2175 socialem
1776 2098 1922 2198 eiusque
1946 2099 2053 2176 finem
2077 2106 2168 2176 tam·

656 2243 763 2317 quam
785 2222 958 2296 materiem
984 2221 1052 2295 sibi
1073 2221 1255 2296 subiectam
1276 2222 1332 2295 cui
1349 2221 1427 2319 quea
1445 2208 1611 2295 ἑπόοηιίνε
1630 2219 1761 2294 deleat.
1810 2216 1959 2294 Minime
1977 2219 2170 2296 enim'eam

651 2345 762 2413 totam
788 2338 895 2438 regit:
928 2338 992 2414 sed
1015 2345 1133 2414 tamen
1159 2343 1233 2412 tota
1256 2335 1495 2436 cognoscenda
1519 2343 1591 2425 est,
1611 2341 1654 2410 ut
1676 2359 1738 2411 eae
1763 2333 1855 2412 ritae
1880 2336 2170 2426 necessitudines,

652 2481 742 2556 quse
768 2465 831 2532 eut
855 2456 1018 2548 omnino,
1046 2463 1108 2533 aut
1129 2455 1272 2534 omnino
1294 2478 1386 2546 non,
1416 2462 1480 2533 eut
1505 2455 1633 2556 partim
1650 2454 1737 2530 iuris
1756 2453 1972 2532 ordinatione
1991 2455 2168 2556 indigent,

654 2601 676 2650 a
707 2575 849 2675 reliquis
878 2574 1150 2676 distinguamur.
1209 2575 1442 2652 Gravissimae
1473 2598 1632 2675 quaeque
1656 2574 1876 2675 quaestiones
1896 2599 1988 2675 quae
2008 2577 2048 2650 in
2068 2600 2170 2676 repu-

653 2693 744 2770 blica
759 2693 883 2795 ngituri
901 2695 1014 2771 solent
1029 2695 1075 2771 de
1092 2695 1178 2794 ipsis
1194 2694 1450 2785 fundamentis,
1474 2694 1604 2794 quibus
1620 2700 1875 2794 superstructse
1890 2703 1973 2772 sunt
1988 2695 2170 2772 hominum

653 2815 835 2890 societates
869 2837 1029 2916 quaeque
1064 2839 1124 2891 eus
1160 2821 1358 2908 sustentant
1388 2821 1425 2890 et
1460 2821 1621 2906 tuentur,
1658 2816 1703 2890 de
1738 2814 1974 2916 prosperitatis
1997 2814 2169 2914 publicae

653 2938 760 3031 atque
792 2933 946 3032 privatae
981 2933 1158 3026 lontibus,
1195 2933 1315 3010 sedem
1346 2932 1477 3010 habent
1507 2934 1546 3009 in
1576 2957 1619 3010 ea
1646 2932 1829 3032 disciplina
1854 2957 1946 3034 quae
1974 2933 2169 3012 denatura

650 3051 737 3126 iuris
762 3051 836 3153 agit
858 3075 902 3128 ex
928 3053 1045 3130 seculi
1066 3051 1367 3130 communesne
1388 3051 1585 3130 derivanda
1634 3051 1751 3129 Multa
1770 3052 1924 3153 proiecto
1943 3053 2064 3153 inique
2085 3063 2168 3132 sunt

651 3171 690 3245 in
721 3171 796 3246 iure
823 3170 1063 3272 institutisque
1089 3170 1318 3274 populorum,
1348 3195 1439 3272 quae
1462 3171 1639 3249 emendari
1664 3170 1794 3248 dehent
1816 3179 1922 3272 atque
1947 3172 2082 3273 perlici;
2105 3175 2169 3249 scd

648 3288 845 3366 indelebilis
878 3298 932 3368 est
961 3291 1191 3392 inaequalitas
1220 3314 1243 3367 s
1272 3291 1348 3366 Deo
1381 3295 1506 3369 creata
1555 3289 1746 3366 Indelebile
1781 3314 1897 3369 rerum
1930 3292 2167 3368 communium

650 3406 939 3509 singulorumque
975 3409 1182 3500 discrimen,
1216 3429 1287 3486 non
1320 3434 1344 3486 a
1376 3409 1570 3510 legislatore
1602 3409 1746 3502 fictum,
1776 3410 1839 3486 sed
1863 3434 1885 3486 e
1905 3420 2031 3488 nature
2048 3435 2164 3488 rernm

648 3527 825 3604 haustum.
876 3528 1089 3606 Communes
1123 3528 1217 3606 enim
1252 3536 1337 3605 sunt
1367 3552 1458 3629 quae
1490 3528 1749 3605 nihilomnino
1778 3530 2073 3629 mleatquamris
2093 3531 2166 3606 sint

648 3647 937 3750 inaestimabiles,
961 3648 1011 3724 itu
1034 3655 1075 3724 ut
1100 3649 1175 3724 sine
1198 3647 1242 3723 iis
1263 3671 1310 3724 ne
1332 3646 1517 3747 perbreve
1539 3647 1683 3747 quidem
1707 3656 1848 3748 tempus
1865 3649 2020 3726 animum
2040 3649 2165 3727 ducere

648 3763 754 3838 homo
776 3764 897 3865 possit.
944 3757 1145 3844 Iadetedih'a
1168 3766 1334 3856 societas,
1357 3767 1479 3844 civitem
1499 3774 1573 3856 est,
1597 3767 1756 3866 quamvis
1779 3767 1961 3846 mnumera
1988 3769 2059 3844 sint
2081 3769 2163 3846 civi·

646 3881 774 3958 tatium
797 3883 996 3982 civiumque
1019 3884 1113 3963 vitia.
1162 3886 1213 3961 Ut
1232 3886 1338 3962 umbo
1356 3885 1490 3978 dium,
1515 3887 1620 3964 homo
1644 3885 1732 3962 nihil
1747 3895 1863 3986 potest
1881 3913 2021 3966 creare:
2044 3897 2164 3967 contm

645 3999 763 4075 omnia
797 3997 843 4075 ad
876 4025 980 4077 snum
1012 4002 1194 4080 arbitrium
1224 4012 1371 4082 muare.
1420 4007 1502 4083 Non
1524 4014 1643 4083 autem
1665 4007 1831 4085 continua
1852 4011 2060 4097 mutctoae,
2080 4031 2161 4086 con·

646 4117 745 4192 tinus
767 4119 1003 4196 emendatone
1021 4141 1137 4195 rerum
1157 4120 1376 4222 publicarum
1399 4123 1494 4200 salua
1513 4125 1710 4201 continetur
1731 4151 1821 4227 quae
1837 4126 1883 4203 ab
1905 4128 2162 4204 amantissima

646 4237 789 4312 demum
814 4261 930 4313 rerum
956 4237 1198 4340 humanaeque
1222 4250 1367 4318 naturae
1391 4243 1534 4320 scientia
1556 4246 1747 4346 exspectari
1769 4254 1895 4346 potest

697 4357 907 4432 θναυιειίηια
938 4366 1058 4434 autem
1091 4359 1296 4459 appellanda
1329 4369 1384 4436 est
1412 4362 1612 4462 disciplina,
1644 4365 1808 4463 ausae
1838 4374 1971 4472 patens.
2021 4368 2161 4444 Remu

643 4474 729 4549 iuris
749 4474 916 4552 naturalis
937 4475 1137 4554 doctoribus
1155 4479 1328 4580 perditam
1344 4481 1525 4558 matituere
1538 4489 1693 4561 conatur.
1742 4484 1973 4562 Periclitantis
1989 4487 2160 4564 societatis

643 4592 833 4682 humanae,
865 4593 903 4668 id
939 4603 1011 4686 eat,
1046 4597 1274 4675 humanitatis
1305 4623 1447 4677 causam
1475 4601 1513 4678 in
1538 4627 1576 4678 se
1599 4601 1764 4703 suscipit,
1794 4605 1964 4695 vindicat,
1994 4605 2159 4682 sdverm

642 4733 701 4784 eos
733 4712 796 4811 qui
831 4735 942 4812 quum
970 4713 1066 4791 idem
1093 4740 1258 4818 peragere
1284 4716 1488 4798 debuissent
1509 4723 1578 4800 alia
1598 4722 1716 4800 omnia
1738 4733 1886 4825 egemnt
1908 4733 2014 4825 atque
2036 4724 2158 4801 effece-

644 4831 736 4902 runt.
786 4829 937 4932 Copulat
961 4832 1138 4913 hominem
1158 4861 1240 4914 cum
1265 4837 1427 4918 societste
1451 4865 1473 4918 a
1495 4866 1566 4942 qua
1585 4867 1668 4919 sum
1695 4843 1926 4923 alienaverant
1949 4845 2035 4923 iuris
2054 4852 2159 4920 natu·
