4892 6184
869 711 1145 782 oaar10.
1720 713 1763 782 33

293 918 369 996 Nec
388 920 516 998 lrmtra
537 919 574 995 in
593 941 636 995 ea
657 918 745 994 vires
769 920 1019 1020 ingeniumque
1043 925 1284 1008 exercuerant3
1314 919 1386 994 iam
1408 925 1545 996 mature
1569 918 1662 994 enim
1681 945 1759 1020 gra·

244 1037 384 1116 sissima
421 1040 573 1117 remedia
609 1038 842 1139 therapeutica
875 1042 1014 1141 cognita
1046 1039 1273 1137 adhibitaque
1315 1039 1442 1129 luisse,
1490 1035 1574 1114 artis
1618 1048 1757 1116 nostrae

246 1159 440 1235 salutiferae
458 1159 622 1235 docemur
634 1158 785 1237 historia.
810 1161 907 1237 Dum
925 1162 962 1236 iri
974 1160 1146 1236 medicina
1161 1183 1250 1234 nova
1267 1159 1304 1232 in
1321 1159 1396 1233 dias
1412 1165 1602 1257 systemata
1611 1160 1759 1258 propul-

243 1277 419 1368 lulabcnt,
444 1279 636 1379 chirurgia,
660 1303 827 1355 novarum
849 1269 982 1370 rerum,
1006 1306 1093 1380 quas
1119 1278 1394 1378 unumquodque
1419 1278 1595 1354 saeculum
1620 1287 1757 1379 protru-

243 1395 349 1472 debat
378 1422 461 1473 mox
486 1398 657 1496 perituras
682 1397 828 1498 aliisque
852 1400 967 1476 locum
991 1425 1164 1488 cessuras,
1188 1398 1333 1473 minime
1359 1397 1507 1496 cupida,
1532 1398 1669 1479 munita
1696 1424 1760 1475 sus

242 1515 298 1591 via
318 1541 438 1593 secura
456 1518 710 1616 tranquillaque
730 1520 947 1616 procedebat.
975 1521 1100 1619 ltaque
1120 1517 1248 1594 sensim
1261 1517 1459 1615 sensimque
1472 1517 1674 1608 conditum,
1696 1544 1755 1594 ex·

243 1641 415 1711 structum
436 1641 708 1733 aromatumque
724 1643 777 1710 est
798 1637 990 1737 chirurgiae
1011 1639 1152 1712 firmum
1174 1636 1394 1734 solidumque
1416 1636 1635 1726 aedificium,
1658 1639 1758 1714 cuius

241 1753 468 1830 fundamenta
499 1754 589 1828 iacta
615 1759 697 1826 stmt
728 1735 961 1853 temporibus,
993 1780 1143 1856 quorum
1168 1755 1280 1855 caligo
1307 1737 1469 1830 historiae
1495 1756 1570 1830 lace
1597 1757 1655 1832 vix
1679 1781 1758 1856 pro·

240 1872 389 1972 pellitur.
438 1873 546 1948 Nulla
569 1871 711 1947 omnino
735 1872 804 1948 fuit
825 1880 936 1964 aetas,
961 1875 1186 1973 quantumvis
1199 1885 1375 1975 practerea
1388 1861 1457 1949 fuit
1471 1874 1592 1964 rudis,
1613 1875 1700 1975 quin
1718 1902 1759 1952 ea

240 1991 432 2091 chirurgiae
463 1991 632 2092 practicae
666 1993 823 2068 studium
856 1993 1076 2094 aliquatenus
1106 1996 1229 2070 saltem
1265 1996 1483 2094 promotum,
1527 1995 1754 2095 doctrinaque

239 2111 432 2212 chirurgica
458 2137 566 2187 unam
589 2113 774 2188 alteramve
796 2138 922 2190 novam
945 2115 1220 2191 observationem
1242 2115 1347 2191 luerit
1373 2116 1522 2204 lucrata3
1559 2140 1648 2215 quse
1670 2140 1760 2191 nova

238 2232 379 2307 inventa
407 2257 518 2332 quum
540 2257 654 2307 merae
678 2233 842 2332 empirice
864 2243 961 2309 erant
982 2235 1135 2322 fructus,
1160 2242 1238 2309 tum
1260 2242 1353 2308 arcte
1379 2260 1461 2309 cum
1484 2235 1630 2324 Qrum
1657 2235 1759 2310 disci-

239 2352 434 2455 plinarum,
470 2352 633 2451 physicae
667 2376 700 2426 v.
727 2376 757 2427 c.
789 2353 1051 2451 anatomiaeque
1074 2352 1314 2452 progressibus
1341 2353 1589 2442 cohaerebant,
1629 2353 1759 2452 quibus

239 2471 392 2570 chirurgi
416 2471 461 2545 ad
486 2496 586 2545 suam
607 2478 717 2545 artem
741 2472 1019 2570 amplificandam
1040 2473 1362 2568 emendandsmque
1388 2473 1545 2570 gnaviter
1556 2473 1758 2550 utebantur.

238 2589 294 2663 De
328 2589 422 2663 hisee
457 2589 686 2687 experientiae
726 2589 994 2691 ingeniosaeque
1037 2598 1074 2665 et
1102 2590 1282 2690 religiosae
1317 2589 1551 2689 indagationis
1582 2590 1755 2667 fructibus

239 2717 377 2809 tempus
410 2707 528 2809 ipsum
561 2705 805 2786 iustum'tulit
836 2711 1024 2799 iudicium
1065 2709 1141 2784 aliis
1172 2708 1326 2810 pepercit
1358 2733 1469 2808 eaque
1499 2710 1684 2786 immutata
1711 2711 1758 2786 ad

236 2835 390 2906 nostram
418 2852 531 2927 usque
554 2834 702 2905 aemtcm
727 2831 892 2920 servavit,
917 2829 1002 2905 alios
1023 2828 1254 2904 absorvillavit
1270 2828 1438 2928 novisque
1453 2836 1489 2903 et
1498 2829 1542 2903 iis
1552 2830 1754 2905 melioribus

238 2949 387 3024 inventis
421 2949 537 3024 locum
565 2949 685 3024 cedere
715 2949 839 3050 coligit.
889 2949 1002 3024 Nobis
1029 2972 1127 3038 vero,
1159 2947 1289 3046 quibus
1311 2947 1482 3023 maiorum
1511 2950 1757 3049 experimentis

238 3073 419 3167 tamquam
453 3068 603 3168 pretioso
636 3058 751 3143 nobis'
769 3070 900 3145 credito
930 3070 1091 3145 thesauro
1122 3069 1202 3144 licet
1230 3067 1300 3157 uti,
1324 3067 1449 3167 ingens
1470 3076 1567 3168 patet
1593 3094 1758 3170 campus,

239 3185 276 3261 in
302 3213 373 3288 quc
398 3187 650 3288 exspatiemur,
674 3190 798 3289 ingens
818 3187 945 3264 tradita
969 3194 1023 3262 est
1050 3185 1210 3275 materie,
1233 3185 1270 3258 in
1290 3210 1362 3285 qua
1379 3186 1602 3286 expolienda,
1627 3213 1758 3289 augen-

240 3305 305 3396 da,
330 3305 545 3406 disponenda
566 3305 655 3382 vires
677 3329 833 3381 exercere
854 3304 963 3382 liceat.
1013 3304 1090 3380 Nec
1111 3304 1324 3395 intervertit,
1351 3306 1404 3382 vel
1427 3315 1555 3382 temere
1578 3307 1759 3408 dissipavit

238 3425 348 3502 nostri
369 3425 444 3500 aevi
466 3425 640 3526 chirurgia
658 3425 786 3527 pignus
809 3449 831 3500 s
858 3421 1046 3500 maioribus
1067 3421 1134 3498 sibi
1155 3423 1345 3513 creditum,
1367 3426 1429 3501 sed
1453 3427 1510 3526 pis
1537 3428 1683 3504 servavit
1704 3434 1757 3503 st·

190 3565 192 3568 ·
239 3570 307 3644 que
332 3546 429 3622 auxit
450 3546 639 3648 prudenter
660 3546 813 3624 curando
836 3554 872 3623 ct
895 3547 1035 3623 utendo.
1086 3546 1257 3620 Convenit
1281 3546 1346 3620 hoc
1358 3546 1604 3633 interamnem
1625 3546 1756 3644 qrdbus

238 3666 417 3764 cognitum
461 3675 533 3756 est,
567 3668 604 3741 in
638 3693 709 3767 qua
745 3669 816 3744 iam
847 3668 1043 3743 conditione
1076 3665 1249 3763 chirurgia
1279 3664 1431 3761 practica
1464 3670 1629 3738 versetur.
1678 3665 1756 3740 Nec
1835 3703 1842 3714 ·

237 3782 343 3857 latere
375 3792 509 3884 potest,
545 3787 935 3886 quicumqucauxilis,
965 3808 1116 3886 quorum
1150 3807 1216 3882 ope
1248 3782 1422 3882 chirurgia
1453 3782 1563 3857 nostri
1589 3785 1757 3883 temporis

238 3901 378 3991 nititur,
411 3904 577 4004 gloriatur
598 3914 634 3980 et
659 3902 809 4006 gaudet,
842 3900 1025 3977 contulerit
1053 3925 1134 3976 cum
1161 3899 1225 3989 iis,
1251 3922 1401 3998 quorum
1425 3925 1510 3976 usus
1535 3901 1755 4001 superiorum

214 4022 453 4098 saeculorum
475 4023 644 4122 chirurgia
669 4029 742 4098 erat
767 4009 963 4111 concessus,
995 4020 1092 4096 nulla
1124 4042 1293 4119 umquam
1312 4027 1518 4121 tempestate
1541 4021 1756 4123 chirurgiam

237 4141 425 4239 practicam
452 4149 549 4218 tanta
581 4152 617 4217 et
643 4150 716 4219 tam
740 4141 858 4242 gravia
881 4141 1012 4241 cepisse
1041 4142 1271 4228 incrementa,
1300 4149 1431 4239 quanta
1452 4142 1528 4240 ipsa
1547 4167 1588 4217 ea
1618 4151 1751 4232 aetate,

237 4285 308 4358 qua
330 4260 431 4335 nobis
460 4261 571 4336 vivere
595 4262 754 4363 contigit.
803 4263 922 4361 Atque
943 4268 997 4336 est
1018 4261 1083 4337 hoc
1104 4267 1370 4361 argumentum,
1392 4262 1436 4336 de
1459 4286 1528 4360 quo
1551 4283 1667 4337 coram
1692 4285 1751 4336 vo·

238 4376 293 4452 bis
326 4379 429 4454 verba
458 4379 568 4457 facere
601 4407 740 4459 mecum
767 4381 1032 4470 constitueram
1077 4379 1191 4456 dicam
1220 4404 1303 4479 ergo
1335 4383 1378 4454 de
1399 4381 1638 4479 progressibus
1669 4406 1752 4480 quoa

244 4496 424 4598 Olimrpia
442 4502 603 4598 practica
629 4509 745 4577 nossa
766 4509 881 4577 aetate
895 4503 1011 4597 secit,·
1046 4500 1090 4576 de
1112 4523 1182 4601 quo
1206 4506 1412 4598 argumento
1440 4523 1528 4596 quae
1553 4498 1750 4599 disputatu-

236 4640 296 4692 rus
322 4642 401 4693 sum
427 4620 570 4696 attentis
594 4647 722 4721 quaeso
744 4630 781 4699 ct
804 4621 978 4697 benevolis
1001 4621 1145 4697 auribus
1169 4619 1328 4719 accipite!

286 4738 412 4837 Itaque
445 4739 599 4837 primum
629 4742 786 4818 omnium
824 4741 1049 4818 statuendum
1086 4739 1173 4816 mihi
1203 4740 1269 4815 erit
1297 4739 1481 4816 cuiusnam
1503 4739 1641 4840 generis
1672 4765 1750 4838 pro·

238 4856 347 4934 lectus
368 4858 517 4956 luerint,
543 4835 640 4960 'quos
663 4869 780 4938 nostra
808 4865 920 4962 aetate
946 4860 1118 4961 chirurgia
1143 4859 1294 4959 practica
1316 4860 1452 4939 lecerat.
1502 4862 1612 4937 Ilstne
1633 4860 1750 4936 accitis

494 5009 500 5018 ·
1488 4987 1508 5056 5
