4892 6184
714 662 780 735 stt
1305 664 1342 733 B.
1374 664 1405 734 J.
1437 660 1628 743 luunt,

710 872 756 949 iis
791 872 968 951 vocabulis
1003 868 1168 947 audacter
1191 878 1272 947 uter
1294 876 1453 971 tempore
1475 868 1696 971 imperfecto,
1719 888 1869 966 quorum
1896 888 2060 965 praeseus
2082 867 2223 945 Cium

710 990 837 1081 babet,
869 991 925 1067 vel
954 1014 1040 1067 cusu
1071 989 1268 1067 mauro
1296 996 1359 1067 out
1391 988 1543 1065 emunda
1573 1008 1721 1087 persona
1745 982 1859 1061 sicubi
1881 984 2039 1063 datiam
2061 986 2140 1079 ills,
2170 990 2223 1065 rel

711 1108 1274 1211 pacwnamtertiamusurparit3
1305 1106 2223 1209 quinetiamhioillicuoctsmeuuin'rsrisuime,

710 1236 749 1305 et
778 1227 842 1305 ubi
871 1228 972 1305 vitari
1000 1224 2222 1331 nonpossitnisiutomuiuosiguifinsreliceotesipsaquaeue·

709 1347 793 1437 lim,
826 1347 882 1423 vel
914 1372 1004 1425 nora
1033 1348 1200 1425 vocabula
1233 1370 1345 1423 uuum
1368 1346 1579 1435 alterumve,
1602 1344 1707 1421 modo
1728 1365 1773 1419 ex
1796 1342 1955 1443 mabgu
1978 1345 2061 1433 lint,
2092 1344 2222 1445 lingere

710 1490 781 1543 uon
809 1466 1059 1557 reformidabo,
1090 1490 1155 1545 nec
1176 1468 1208 1543 si
1231 1467 1285 1545 vel
1306 1466 1457 1543 sermoni
1478 1464 1605 1543 Iatiuo
1625 1464 1696 1539 viru
1715 1486 1774 1539 me
1794 1462 1906 1539 facem
1928 1463 2112 1539 obmiteut
2135 1464 2222 1539 male

711 1584 845 1676 seduli,
881 1586 974 1663 ultra
1000 1594 1256 1677 commoretur,
1288 1586 1343 1661 vel
1363 1585 1490 1661 misera
1510 1584 1579 1659 ista
1598 1588 1698 1661 curat
1717 1580 1982 1659 Hmroonnrns.
2033 1582 2126 1659 Sunt
2148 1584 2242 1687 qui-¹
2404 1560 2405 1603 ¹

711 1704 794 1781 dem
823 1704 1033 1807 paucissima
1062 1728 1128 1781 nec
1156 1704 1322 1805 cuiquam
1347 1704 1487 1805 ἰςιιοῐιι,
1517 1701 1706 1803 inquibus
1729 1702 1795 1779 boc
1817 1725 1889 1777 nou
1909 1701 2019 1793 ualet,
2052 1726 2119 1803 ego
2147 1726 2223 1777 vero

713 1824 805 1901 bene
829 1823 1105 1926 intelligentibus
1137 1822 1223 1901 haec
1244 1824 1338 1901 dicte
1361 1824 1483 1915 reim,
1512 1823 1662 1925 quibus,
1692 1828 1735 1897 ut
1755 1822 1884 1910 fertur,
1915 1845 1961 1897 ue
1983 1822 2129 1921 integris
2148 1824 2220 1921 qui·

712 1942 796 2019 dem
826 1942 940 2019 ambis
970 1944 1017 2019 ad
1047 1968 1123 2021 rem
1153 1944 1245 2020 bene
1270 1943 1473 2043 cupiendam
1493 1968 1583 2045 opus
1608 1950 1673 2019 cst.
1720 1943 1797 2019 Nec
1818 1942 1968 2031 desunt,
1991 1942 2054 2041 qui
2077 1943 2128 2017 itu
2152 1966 2222 2017 sese

712 2070 749 2137 et
777 2062 970 2163 philologos
1000 2072 1037 2139 et
1068 2062 1163 2139 latii
1192 2064 1343 2139 cultores
1373 2062 1595 2165 boumque
1622 2072 1768 2165 putent,
1799 2062 1831 2137 si
1857 2086 1903 2138 ne
1937 2062 2048 2137 lutum
2084 2060 2222 2161 quidem

712 2204 870 2281 unguem
890 2206 913 2257 s
935 2180 1131 2272 vetenbus,
1162 2181 1202 2257 id
1222 2190 1278 2259 est
1298 2181 1344 2258 ab
1367 2206 1472 2259 amec
1494 2190 1627 2272 aean,
1659 2207 1785 2283 nempe
1806 2180 1852 2257 ab
1876 2182 1952 2258 elus
1972 2205 2095 2282 prosae
2121 2180 2220 2280 scrip

714 2297 869 2389 toribus,
903 2299 943 2375 id
971 2310 1026 2377 est
1054 2326 1077 2377 a
1107 2300 1318 2392 Οιοιιοιιιι,
1343 2327 1460 2403 neque
1483 2326 1525 2379 eo
1551 2302 1707 2405 integro,
1731 2301 1961 2381 daemona
2009 2302 2104 2377 Nam
2123 2300 2223 2377 ceteri

712 2419 957 2495 iam-sordente
976 2420 1387 2499 LuvrusPstuvinitatem
1405 2422 1496 2513 olet,
1520 2420 1671 2499 Cassan
1690 2444 1932 2523 praepropere,
1956 2420 2011 2495 hia
2032 2417 2222 2505 iudicibus,

713 2537 936 2615 admirabiles
954 2564 1038 2615 suos
1058 2540 1322 2617 commentarios
1342 2541 1499 2643 scripsit,
1523 2542 1749 2621 Sanuusmus
1781 2541 2030 2643 ἅρχαισμούς
2060 2546 2222 2627 venatur,

712 2660 874 2737 Temnos
906 2659 1080 2759 deniqne,
1117 2660 1271 2735 immune
1304 2658 1459 2753 lacinus,
1491 2686 1537 2738 ue
1570 2662 1684 2739 euseb
1717 2660 1860 2761 quidem
1893 2662 1971 2737 istis
2000 2657 2221 2759 scriptoribus

712 2779 997 2855 annumerandus
1015 2787 1080 2857 est
1129 2778 1347 2857 Huiusmodi
1368 2780 1586 2881 antiquitatis
1608 2786 1778 2857 amatores
1796 2804 1868 2857 uon
1888 2780 1920 2855 is
1942 2803 2023 2857 sum
2047 2778 2111 2879 qui
2130 2778 2223 2855 dam

709 2898 823 2989 nubo,
848 2897 912 2974 sed
927 2897 1044 2977 lelioea
1060 2904 1179 2975 umen
1199 2900 1380 2999 praedico,
1405 2900 1544 2979 abone
1562 2898 2083 3001 wgitataroctesiguifioeutiu
2098 2898 2224 2975 talibus

710 3016 878 3095 amonis
912 3017 1105 3117 augustiis,
1137 3040 1253 3117 nequo
1283 3018 1358 3120 ipso
1379 3019 1510 3097 interes
1529 3020 1567 3097 iu
1587 3021 1682 3097 hisee
1703 3018 1900 3121 quisquiliis
1924 3018 2037 3095 otium
2059 3018 2221 3119 perdum

709 3160 845 3215 memor
867 3160 1009 3229 ιοιιιιιι,
1041 3160 1131 3238 quae
1159 3160 1318 3214 summus
1342 3138 1431 3215 mihi
1450 3141 1644 3219 Anumnus
1669 3162 1718 3216 nn
1738 3138 1996 3230 Innustmnc,
2019 3138 2121 3215 cuius
2145 3162 2221 3215 ocu·

707 3256 895 3333 suetudine
930 3254 1002 3331 isui
1034 3280 1098 3355 per
1128 3254 1372 3335 bmriasimum
1402 3266 1542 3361 tempus
1579 3260 1687 3361 idque
1720 3282 1915 3360 numquam
1947 3258 2220 3341 obliuiscendum

706 3374 824 3465 iuuit,
857 3374 903 3452 de
931 3374 1009 3450 istis
1039 3362 1274 3451 Cicerouiluis
1303 3375 1590 3479 indignabundus
1618 3380 1682 3457 sed
1710 3402 1774 3479 pro
1806 3402 1878 3479 qua
1908 3388 1963 3457 est
1989 3378 2160 3480 elegantia
2184 3386 2218 3453 et

706 3492 926 3612 humanitate
957 3493 1082 3570 leuiter
1111 3502 1149 3588 et
1179 3492 1269 3571 salse
1303 3492 1399 3573 haud
1432 3497 1600 3575 abnuenti
1634 3497 1900 3599 significaverit,
1934 3498 1998 3575 hos
2030 3522 2127 3587 esse,
2160 3498 2218 3596 qui

707 3612 999 3691 notantem
1022 3614 1180 3714 poema
1907 3696 1909 3699 ,

755 3731 827 3809 Sed
845 3734 1025 3809 veubmus
1041 3733 1185 3812 endem
1201 3734 1382 3837 adipsum
1398 3743 1644 3839 augimentum
1660 3738 1766 3817 buius
1779 3736 1954 3817 umbonis.
1993 3740 2097 3819 Quae
2112 3736 2220 3839 aptior

706 3851 791 3942 erit,
813 3858 856 3927 ut
878 3852 1054 3951 superiora
1072 3852 1149 3932 ‚nm
1173 3852 1347 3948 iudicant,
1370 3879 1442 3956 quo
1464 3856 1576 3957 magis
1598 3864 1635 3933 et
1658 3880 1774 3933 meum
1791 3856 1829 3933 iu
1851 3880 1911 3933 vos
1931 3856 2166 3945 volunlatem,
2188 3864 2221 3931 et

599 4072 608 4081 ο
707 3968 909 4047 munem
939 3970 971 4047 si
997 3994 1069 4071 qua
1092 3979 1148 4048 eat
1169 3972 1339 4066 dicendi,¹
1355 3984 1392 4051 et
1415 3975 1692 4069 eremitationem
1718 3998 1891 4076 usumque
1913 3974 2031 4051 Iatioi
2055 3974 2221 4051 semonia

707 4090 938 4192 demonstret,
968 4089 1116 4182 deinde,
1144 4115 1215 4192 quo
1238 4093 1351 4195 magis
1376 4094 1562 4195 significet,
1586 4096 1674 4197 quid
1700 4120 1811 4173 nouus
1830 4103 2025 4173 mteoessor
2046 4094 2220 4196 egendum

706 4210 796 4287 mibi
830 4195 1090 4311 proposuerim,
1127 4210 1183 4288 rel
1215 4236 1368 4313 quanam
1398 4214 1436 4291 in
1469 4222 1567 4317 parte
1597 4216 1746 4317 positum
1771 4204 1932 4293 oensem
1956 4214 2028 4291 um
2053 4220 2090 4292 et
2118 4238 2221 4289 usum

706 4331 914 4435 philologiae
920 4365 931 4423 ς
957 4331 1008 4409 sio
1030 4331 1126 4411 euim
1147 4338 1184 4409 et
1204 4356 1295 4433 quse
1315 4332 1453 4413 suimus
1472 4334 1572 4411 iubet
1591 4334 1735 4427 laum,
1755 4342 1792 4411 et
1814 4334 1871 4413 die
1890 4334 2025 4411 solenni
2042 4333 2222 4435 annqmm

621 4523 625 4530 .
708 4450 813 4529 simul
843 4458 879 4528 et
903 4450 1093 4529 iucundam
1112 4476 1249 4555 -ssqusr
1270 4454 1568 4535 oomuetudiuem.
1618 4458 1721 4537 Quae
1747 4478 1843 4533 nuuc
1866 4452 2075 4554 coniungere
2097 4452 2222 4529 melius

707 4593 779 4649 uon
801 4571 918 4663 caleo,
950 4596 1058 4673 quam
1088 4572 1246 4666 dicturus
1271 4574 1325 4650 de
1349 4574 1546 4652 Litteris
1565 4573 1780 4675 'antiquis
1811 4573 1877 4673 ad,
1895 4570 2220 4650 instituendam

708 4692 999 4769 iuventutem
1022 4692 1298 4771 retinendis.
1317 4782 1318 4785 q
1346 4692 1419 4771 Vos
1440 4700 1577 4786 sutem,
1600 4718 1671 4797 qua
1694 4694 1779 4771 ostis
1801 4692 2040 4771 benevolentis
2058 4700 2096 4771 et
2116 4690 2221 4769 animi

711 4812 919 4905 abentioue,
940 4836 999 4891 me
1023 4812 1197 4893 dicenoem
1223 4812 1344 4893 audire
1366 4812 1497 4905 velitis;
1520 4813 1649 4905 brim,
1673 4822 1715 4893 ut
1734 4821 1882 4916 utroquo
1908 4813 2038 4916 diguus
2057 4812 2152 4933 fisum
2201 4934 2204 4942 1
