4892 6184
875 693 1150 764 O'llllTlO.
1547 734 1554 744 ·
1731 698 1774 764 25

260 906 336 976 tum
359 899 455 976 leret.
506 885 627 1001 Unum
658 901 746 976 milri
768 903 950 992 reservavi,
983 902 1081 1002 quod
1103 902 1227 978 ultimo
1254 901 1328 976 loco
1356 902 1517 993 nomino,
1550 926 1620 1003 quo
1646 904 1774 979 maiore

260 1018 295 1092 vi
316 1021 556 1119 pronuntiem,
581 1045 720 1120 quoque
745 1022 879 1097 firmius
901 1031 936 1098 et
960 1023 1132 1100 recentius
1154 1023 1353 1098 auditorum
1374 1023 1499 1098 animis
1520 1023 1774 1123 memoriaeque
1883 1024 1885 1030 ’

259 1139 444 1216 inhaereat.
489 1139 715 1240 ‚Cuicumque
743 1140 913 1219 bonarum
940 1145 1066 1219 artium
1089 1144 1182 1218 salus
1213 1144 1397 1242 cultusque
1425 1144 1520 1218 cordi
1549 1152 1620 1232 est,
1657 1167 1774 1219 aasen-

258 1256 365 1331 tiatur
398 1259 484 1334 mihi
520 1285 668 1336 neccsse
691 1268 754 1336 cst.
776 1285 984 1361 magnopere
1014 1261 1202 1335 dolendum
1240 1285 1335 1349 esse,
1374 1262 1469 1359 quod
1501 1262 1710 1337 astronomia
1731 1244 1775 1336 'in

258 1376 448 1453 Academia
469 1387 586 1456 nostra
612 1381 763 1481 relegata
786 1383 832 1457 sit
853 1383 890 1456 in
911 1389 1041 1456 turrem
1066 1381 1122 1454 vix
1145 1379 1229 1454 satis
1249 1380 1419 1478 amplam,
1442 1404 1531 1478 quac
1546 1381 1685 1457 ciconiis
1700 1381 1773 1456 ido-

258 1519 364 1570 neum
389 1498 512 1575 nidum
535 1502 714 1600 praebeat!

305 1614 524 1706 Dolcndum,
558 1621 654 1708 dico,
689 1619 853 1718 quoniam
880 1643 922 1692 eo
951 1615 1087 1714 turpius
1122 1615 1350 1691 astronomiae
1381 1617 1555 1693 docendae
1583 1617 1774 1693 necessaria
1813 1650 1816 1653 ·

257 1740 429 1831 negantur
461 1734 617 1811 aedificia
646 1743 681 1810 et
714 1737 888 1826 subsidia,
923 1763 993 1836 quo
1025 1734 1149 1811 laetius
1181 1735 1257 1809 eius
1289 1735 1446 1811 studium
1474 1745 1592 1836 posset
1621 1737 1773 1812 efflorere

257 1852 484 1928 astronomiae
516 1854 673 1944 doctore,
709 1857 821 1954 qualis
847 1860 900 1930 eat
923 1857 1113 1932 Karseaus
1143 1862 1279 1943 noster,
1309 1855 1474 1931 iuvenum
1504 1856 1620 1932 studia
1654 1856 1772 1932 mode-

255 1975 362 2044 rante.
415 1971 538 2072 Itaque
561 1975 775 2075 intelligant,
810 1975 930 2063 velim,
964 1981 1069 2074 atque
1094 1975 1325 2074 persuadeant
1347 1975 1435 2064 sibi,
1460 1975 1522 2074 qui
1547 1975 1773 2075 Reipublicae
1850 1998 1854 2005 “

256 2096 391 2164 nostrae
422 2103 604 2190 praesunt,
640 2096 695 2170 sui
724 2121 798 2171 esse
821 2095 945 2184 officii,
980 2095 1069 2170 tueri
1091 2119 1183 2182 rem,
1209 2120 1313 2194 quam
1341 2094 1431 2171 bene
1455 2082 1671 2195 procuratam
1698 2121 1773 2170 esse
1812 2141 1815 2145 ·

256 2209 363 2284 totius
386 2213 534 2288 civitatis
559 2240 666 2312 quam
690 2217 840 2291 maxime
863 2217 1017 2288 interest.

305 2331 406 2402 Grati
429 2333 669 2428 agnoscimus,
695 2357 783 2431 quse
805 2334 850 2409 ad
875 2357 949 2407 rem
975 2338 1047 2406 tam
1069 2355 1209 2431 gravem
1233 2334 1502 2431 promovendam
1527 2336 1564 2408 in
1597 2335 1773 2410 Ordinum

257 2449 478 2523 Generalium
521 2476 684 2526 consessu
726 2453 865 2552 publico
907 2451 1002 2524 omni
1042 2452 1162 2525 ardore
1199 2451 1314 2525 conati
1350 2459 1433 2538 sunt
1470 2453 1533 2526 viri
1567 2453 1773 2552 amplissimi

215 2643 221 2657 ,
258 2569 406 2640 Gnvnns
431 2591 507 2641 vnn
531 2571 751 2646 Ennnernsr
777 2577 813 2645 et
836 2571 1018 2645 Bosscnrr.

879 2859 1142 2874 ..a—*—

305 3045 491 3135 P'crvenio,
504 3048 710 3124 Auditores!
728 3047 946 3124 adorationis
961 3047 1410 3145 iucundissimampertcm3
1429 3046 1557 3123 scilicet
1571 3049 1608 3122 in
1622 3073 1663 3124 eo
1675 3071 1772 3136 sum,

256 3171 296 3238 ut
330 3166 479 3240 strenuis
516 3169 706 3268 gravisque
741 3168 942 3256 iuvenibus,
975 3167 1104 3266 quibus
1130 3146 1356 3265 'quaestiones
1378 3193 1401 3241 a
1422 3167 1568 3267 singulis
1592 3167 1773 3243 ordinibus

256 3273 467 3359 academicis
484 3288 676 3387 propositas
699 3289 827 3363 solvere
842 3288 1005 3386 contigit,
1019 3311 1205 3363 nummum
1217 3309 1362 3361 aureum
1382 3287 1554 3378 tribuam,
1575 3315 1645 3388 quo
1664 3289 1774 3388 Regis

255 3405 511 3504 Angustissimi
529 3408 708 3482 Guiliclmi
730 3408 823 3482 tertii
846 3407 1031 3482 liberalitas
1055 3415 1091 3481 et
1112 3406 1349 3482 munificentie
1373 3431 1431 3480 eos
1455 3408 1577 3483 donari
1603 3409 1722 3490 voluit

305 3524 431 3622 Itaque
453 3549 538 3625 rogo
562 3527 686 3601 Virum
704 3527 962 3616 Clarissimum,
984 3527 1196 3626 quisenatus
1209 3526 1318 3600 nostri
1329 3513 1771 3615 actacurat,ut0rdinum

255 3642 543 3718 Academicorum
565 3645 693 3721 iudicia
715 3646 853 3736 recitct;
879 3647 905 3719 ii
932 3671 1028 3736 vero,
1054 3671 1203 3745 quorum
1224 3646 1367 3719 nomina
1391 3647 1448 3720 illc
1466 3648 1641 3737 evocabit,
1665 3672 1772 3748 prope

258 3761 303 3834 ad
327 3785 384 3836 me
408 3764 608 3840 accedunto.

885 3933 1146 3947 ——-—-

306 4121 365 4194 Ad
396 4122 529 4221 ingenii
563 4149 602 4199 sc
638 4123 812 4200 doctrinae
846 4123 985 4199 leudem
1023 4130 1059 4197 ct
1092 4123 1137 4197 ad
1170 4122 1325 4222 praemia
1350 4124 1525 4223 proposita
1553 4124 1697 4223 quinum
1721 4123 1773 4199 illi

259 4240 328 4314 sint
348 4242 410 4341 qui
433 4243 674 4343 aspiraverint,
711 4245 771 4343 qui
794 4269 973 4319 successus
995 4251 1031 4318 ct
1055 4249 1217 4331 eventus,
1240 4267 1413 4340 quaenam
1432 4269 1550 4319 eorum
1570 4243 1772 4344 scriptiones
1904 4332 1906 4337 Ι

262 4359 410 4449 luerint,
434 4363 572 4474 publice
598 4366 793 4464 expositum
820 4372 885 4441 cst.

307 4478 368 4553 Nil
399 4480 469 4554 iam
484 4489 487 4493 ’
504 4490 630 4573 restat,
665 4485 732 4559 nisi
760 4493 801 4559 ut
830 4484 982 4585 praemia
1014 4483 1200 4560 victoribus
1231 4482 1436 4558 distribuam
1463 4491 1499 4558 et
1525 4485 1703 4562 victoriam
1728 4486 1772 4560 iis

258 4597 427 4696 gratuler:
455 4625 553 4676 nam:

682 4758 774 4816 Aurea
794 4756 838 4817 cui
857 4757 959 4818 blando
980 4758 1041 4818 risit
1062 4757 1175 4818 victoria
1195 4759 1273 4818 vultu
1391 4833 1395 4840 Ι

722 4858 923 4940 Laetitiemque
943 4860 998 4922 auis
1019 4861 1074 4922 sert
1093 4860 1249 4940 patriaeque
1267 4858 1360 4921 decus.

1504 4965 1528 5032 4
