4892 6184
733 665 776 732 42
1269 658 1720 732 F.G.KR1EGER

733 869 839 948 luerit
869 876 1104 957 exstructum,
1139 868 1235 966 quod
1265 891 1329 968 per
1358 875 1513 944 nocuum
1544 867 1693 969 patriam
1714 864 1892 940 »inoessum
1923 863 2096 964 anqsrires.
2146 865 2256 945 Quod

733 992 829 1068 enim
859 990 942 1067 talia
976 990 1138 1066 instituta
1163 987 1347 1088 hucusque
1373 987 1634 1076 desiderantur,
1656 985 1690 1062 ei
1709 985 1931 1086 potissimum
1955 983 2255 1062 tribuamnullibi

732 1125 902 1189 terrarum
932 1118 985 1186 tot
1017 1108 1215 1198 difformes,
1248 1109 1391 1184 mutilos
1414 1133 1625 1208 manensque
1649 1107 1722 1182 vias
1744 1105 1906 1182 obsidere
1929 1113 1965 1180 ct
1988 1105 2062 1181 lora
2084 1103 2253 1182 obambu·

733 1232 803 1306 luro
828 1253 935 1329 quam
960 1230 997 1304 in
1022 1229 1099 1328 ipsa
1123 1236 1243 1305 nostra
1266 1227 1388 1330 patria

782 1349 942 1426 Iniustus
976 1374 1090 1426 essem
1123 1373 1163 1426 ac
1196 1349 1375 1448 ingratus,
1414 1349 1445 1422 si
1471 1353 1662 1447 occupatus
1687 1345 1725 1421 in
1748 1344 1994 1422 enumerandis
2016 1346 2100 1421 artis
2121 1345 2252 1422 chirur-

734 1471 831 1570 gieae
862 1469 1104 1570 progressibus
1128 1477 1165 1545 et
1189 1467 1411 1544 incrementis
1443 1466 1581 1542 silentio
1608 1465 1917 1568 praetermittam
1952 1489 2078 1542 noram
2110 1464 2254 1541 curandi

734 1590 922 1680 rationem,
963 1615 1052 1690 quae
1087 1589 1221 1665 ossium
1258 1587 1421 1664 emundis
1453 1587 1613 1664 fracturis
1643 1587 1780 1688 proprie
1810 1585 2003 1675 destinata,
2037 1583 2157 1661 multis
2178 1585 2255 1661 aliis

735 1710 874 1786 casibus
894 1709 1073 1799 adhibita,
1099 1717 1136 1784 et
1155 1709 1359 1784 factumest
1376 1732 1487 1783 unum
1505 1707 1772 1784 esalnbcrrimis
1791 1706 2054 1806 utilissimiaque
2076 1705 2253 1794 remediis,

647 1845 655 1858 ·
735 1854 884 1930 quorum
915 1830 1076 1930 ohinrrgo
1108 1835 1263 1930 potestas
1291 1836 1346 1904 est
1377 1830 1481 1904 lacto.
1528 1829 1617 1904 Dico
1644 1853 1774 1904 norum
1797 1827 1885 1904 illud
1904 1826 2125 1928 deligaticnis
2149 1849 2253 1926 appa·

734 1959 871 2039 rutum,
895 1950 953 2024 cui
977 1958 1164 2050 apparatus
1187 1948 1376 2024 immobilis
1399 1971 1526 2024 nomen
1551 1956 1606 2022 est
1628 1948 1793 2024 inditum.

784 2071 1009 2169 Qrdoumque
1041 2071 1272 2146 fracturarum
1304 2069 1480 2168 therapius
1511 2093 1652 2168 operam
1675 2075 1861 2157 navarant,
1894 2068 1964 2143 iam
1995 2067 2059 2143 diu
2078 2068 2251 2144 intellexe-

732 2197 811 2267 rant
857 2191 1083 2288 dolenterque
1124 2196 1365 2289 persenserant
1408 2187 1595 2264 desiderari
1635 2189 1824 2288 aptiorem,
1866 2189 2039 2264 utiliorem
2070 2187 2251 2287 simplicio·

730 2333 873 2410 remque
905 2309 1123 2410 deligotionis
1155 2314 1373 2410 apparatum.
1423 2310 1505 2383 Non
1534 2333 1605 2385 uno
1633 2309 1774 2384 nomine
1808 2307 1951 2384 vitiosae
1985 2330 2051 2384 nec
2077 2309 2252 2384 obsoletae

733 2439 830 2507 erant
846 2430 1028 2530 deligandi
1045 2430 1213 2519 rationes,
1232 2429 1361 2527 quibus
1379 2429 1588 2517 utebantur,
1611 2453 1725 2529 neque
1741 2427 1902 2528 impediri
1919 2428 2051 2528 potuit,
2069 2429 2253 2528 quominus

731 2549 834 2626 unxia
871 2549 1140 2650 chirurgicum
1174 2559 1210 2623 et
1250 2550 1435 2649 prudentia
1460 2550 1654 2625 identidem
1681 2550 1914 2626 eluderentur.
1974 2551 2009 2624 A
2040 2549 2253 2649 simplicibus

733 2668 900 2744 vincturis
929 2666 975 2743 ad
1008 2667 1122 2767 magis
1154 2667 1358 2745 artificiosas
1387 2669 1671 2770 confugiebctur,
1705 2671 1768 2745 sed
1800 2670 1896 2746 nulla
1930 2669 2023 2744 vitiis
2043 2669 2254 2770 corrigendis

734 2796 808 2864 erat
830 2785 975 2877 idonea3
1000 2787 1119 2886 itaque
1140 2810 1222 2863 mox
1247 2789 1293 2864 ad
1316 2790 1465 2891 priorem
1489 2792 1714 2890 quantumvis
1733 2791 1893 2867 vitiosam
1917 2787 2119 2866 methodum
2139 2811 2253 2864 rerer·

666 3013 670 3020 '
734 2914 872 2998 terrmt,
893 2907 1003 2983 donec
1021 2907 1193 2984 immobili
1211 2909 1409 2986 introducto
1425 2919 1595 3011 apparatu
1610 2935 1732 2987 omncs
1748 2911 1971 2988 difficultates
1983 2919 2065 2987 sunt
2077 2907 2253 2997 sublatae,

734 3027 898 3104 omnihus
946 3026 1225 3103 dubitationibus
1268 3038 1304 3105 et
1348 3031 1645 3108 vicismndinibus
1678 3033 1760 3108 finis
1792 3039 1847 3108 est
1880 3031 2004 3108 lactus
2066 3029 2253 3106 Vincturae

733 3146 922 3222 immoene
947 3146 1198 3247 antiquissimis
1220 3149 1292 3225 um
1312 3126 1473 3227 ileum
1493 3151 1709 3252 temporibus
1732 3152 1925 3229 musae
1952 3150 2253 3228 memoremus

733 3266 881 3343 debetur
899 3266 1087 3343 clarissimo
1101 3268 1277 3358 Ludunr,
1301 3293 1365 3346 nec
1378 3271 1496 3346 minus
1511 3272 1864 3375 egregicergaartem
1876 3281 2030 3348 nostram
2042 3271 2188 3346 meritus
2199 3279 2254 3344 eat
2410 3266 2411 3273 '

733 3388 944 3490 clarissimus
955 3388 1103 3478 Srorru,
1115 3388 1177 3486 qui
1194 3413 1271 3464 eam
1283 3390 1436 3465 reddidit
1452 3391 1714 3493 simpliciorem,
1733 3393 1929 3468 inchoatam
1938 3390 2252 3468 tantammodoab·

733 3508 835 3583 solvit
850 3516 886 3584 et
908 3508 1048 3597 docuit,
1070 3533 1142 3608 quo
1158 3517 1260 3608 pacto
1278 3509 1356 3585 aliis
1367 3535 1507 3611 quoque
1517 3513 1679 3588 emendis
1690 3513 1783 3588 vitiis
1792 3513 1901 3612 possit
1915 3511 2091 3588 adhiberi:
2111 3511 2259 3586 inerunt
2357 3564 2361 3570 -

734 3627 797 3725 qui
822 3651 911 3704 novo
931 3627 1150 3727 deligationis
1168 3631 1306 3728 generi,
1330 3655 1401 3730 quo
1425 3631 1652 3708 fracturarum
1672 3634 1803 3708 ossium
1827 3633 1983 3733 therapia
2006 3632 2149 3708 omnino
2174 3652 2251 3706 mn·

737 3754 810 3820 tata
831 3754 867 3820 et
888 3745 956 3820 alin
977 3758 1031 3820 est
1053 3745 1164 3835 iacta,
1187 3749 1471 3839 adversarentur,
1496 3751 1560 3826 sed
1582 3777 1692 3852 quum
1712 3754 1923 3853 experientia
1942 3755 2102 3843 doceret,
2123 3761 2250 3851 quante
2364 3785 2369 3794 ⁴

736 3863 869 3938 inventi
893 3871 984 3938 esset
997 3867 1228 3965 praestantis,
1252 3875 1364 3944 tacere
1385 3871 1472 3945 iussi
1491 3881 1574 3946 sunt
1590 3874 1652 3972 qui
1664 3872 1884 3948 inventorum
1897 3873 2028 3974 glorias
2038 3871 2249 3949 invidebant.

738 3983 865 4080 Itaque
889 4005 959 4057 non
984 3982 1097 4058 solum
1118 3991 1305 4059 correctam
1330 3986 1548 4086 deligationis
1565 3989 1688 4065 lucrati
1709 4016 1832 4068 sumus
1849 3995 2039 4086 rationem,
2064 3991 2251 4070 sedetiam

737 4101 948 4202 chirurgiae,
975 4125 1081 4201 quam
1105 4115 1363 4182 conservantem
1382 4109 1647 4209 appellavimus,
1665 4135 1793 4189 norum
1813 4115 2071 4214 suppeditatum
2083 4122 2136 4188 est
2148 4113 2249 4186 anxi-

735 4222 842 4311 lium,
875 4247 947 4322 quo
967 4222 1098 4298 mederi
1118 4224 1229 4322 possit
1253 4227 1364 4317 vitiis,
1391 4228 1520 4328 quibus
1541 4231 1704 4307 sanandis
1724 4242 1825 4310 antea
1846 4234 2059 4335 amputando
2080 4232 2248 4308 secando-

736 4343 866 4441 quein
890 4343 1085 4419 laborantes
1109 4343 1248 4422 fuerant
1270 4347 1427 4447 grassati

783 4463 858 4538 Nec
891 4471 1006 4550 tamen
1042 4463 1078 4538 in
1107 4465 1261 4542 Snorrru
1294 4466 1356 4540 viri
1387 4466 1569 4544 clarissimi
1594 4471 1735 4547 invento
1756 4471 2047 4571 acquiescendum
2069 4495 2145 4546 esse
2167 4492 2245 4544 cen·

739 4579 862 4656 rebant
888 4582 1041 4659 sollertes
1064 4587 1172 4660 nostri
1196 4586 1273 4661 aevi
1293 4585 1465 4687 chirurgi3
1491 4591 1661 4667 murum
1685 4594 1875 4683 rationum,
1898 4592 2029 4692 quibus
2049 4591 2102 4666 illi
2128 4591 2245 4665 inven-

739 4707 812 4775 tam
848 4702 1015 4779 rationem
1050 4705 1163 4780 conati
1193 4715 1277 4782 sunt
1297 4708 1483 4785 emendare
1501 4717 1537 4784 et
1560 4711 1789 4812 amplificare,
1815 4713 1872 4788 rix
1899 4737 1971 4788 una
1993 4719 2122 4787 est-
2141 4712 2249 4786 laetor

736 4819 886 4899 referens
920 4865 972 4887 ·-
1005 4824 1142 4901 maioris
1174 4826 1408 4926 graviorisque
1435 4831 1602 4912 momenti
1633 4857 1740 4933 quam
1766 4858 1837 4934 qua
1868 4833 1951 4910 civis
1979 4841 2097 4909 ncstm
2117 4830 2246 4932 optime
