4892 6184
867 660 1231 741 ORATIO..¹
1697 679 1760 746 183

250 891 395 964 conatus
416 884 543 960 frustra
560 880 708 969 inerint,
733 879 820 956 nihil
836 882 922 957 mihi
941 888 1116 984 superest,
1142 907 1249 980 quam
1268 887 1307 956 ut
1329 906 1373 956 ex
1390 883 1455 957 hoc
1475 883 1548 958 loco
1567 883 1600 958 ei
1619 882 1759 972 iterem,
1896 921 1902 928 ·

249 1031 342 1104 quse
374 1003 535 1104 privatim
568 1027 609 1077 ex
645 1002 794 1076 Senatus
825 1003 990 1077 mandato
1021 1001 1191 1100 expressi,
1225 1001 1339 1076 dolere
1369 1027 1450 1076 eum
1482 1028 1552 1077 non
1582 1027 1689 1078 unam
1715 1003 1761 1078 ob

249 1149 393 1201 causam
428 1125 503 1198 eius
541 1123 748 1209 discessum,
786 1145 921 1219 sperare
950 1129 1066 1197 antem
1095 1121 1213 1220 ipsum
1249 1129 1367 1220 optato
1398 1147 1480 1196 eum
1500 1123 1669 1222 dignitate
1691 1123 1762 1199 ctio

250 1269 357 1344 quam
386 1243 580 1319 diutissime
606 1267 683 1317 esse
708 1241 906 1316 fruiturum.
956 1242 987 1314 E
1013 1265 1083 1339 quo
1110 1240 1196 1339 quin
1220 1240 1376 1340 egregios
1402 1242 1535 1317 lructus
1560 1249 1762 1341 perceptura

250 1365 321 1453 sint¹
351 1363 462 1462 patria
492 1370 528 1436 et
561 1360 675 1436 studia
704 1360 741 1435 in
773 1361 902 1459 quibus
931 1361 1037 1436 vitam
1067 1360 1159 1458 agit,
1193 1370 1295 1434 nemo
1327 1361 1466 1438 dubitat
1494 1363 1555 1460 qui
1591 1387 1672 1438 aum
1705 1339 1760 1437 co'·

251 1483 396 1580 gnoscit.
447 1482 491 1556 ni
525 1490 643 1557 autem
677 1504 880 1580 persuasum
913 1481 978 1568 sit,
1010 1503 1074 1553 nos
1100 1503 1227 1554 nomen
1257 1481 1333 1554 eius
1359 1481 1535 1580 animique
1556 1480 1762 1557 modestiam

250 1611 357 1704 atque
384 1601 624 1678 liberalitatem
652 1601 690 1673 in
713 1599 938 1674 Academiam
961 1605 1066 1698 atque
1091 1598 1215 1672 urbem
1235 1600 1357 1674 eodem
1382 1624 1517 1700 semper
1540 1600 1667 1676 bonore
1692 1626 1761 1701 qno

253 1722 475 1810 Rovnnsrvn
508 1743 583 1806 esse
612 1725 863 1818 prosecuturos.
913 1719 1095 1816 Integrum
1129 1726 1247 1792 manet
1278 1718 1453 1794 vinculum
1488 1720 1659 1797 amicitiae
1693 1746 1762 1820 quo

252 1865 332 1914 cum
359 1865 399 1913 eo
423 1837 597 1912 coniuncti
621 1836 780 1910 viximus.

299 1959 460 2055 Denique
496 1980 565 2030 non
597 1956 724 2030 laetum
757 1956 900 2029 Senatui
930 1954 1138 2030 Academico
1168 1956 1312 2044 accidit,
1345 1957 1528 2057 collegium
1556 1959 1650 2058 quod
1676 1985 1761 2058 quo·

252 2078 368 2154 tannis
403 2078 446 2152 de
486 2079 594 2151 totius
631 2075 780 2174 regionis
811 2075 1054 2174 Groningsnae
1086 2082 1180 2149 statu
1205 2074 1251 2148 ed
1278 2075 1353 2148 eius
1379 2077 1528 2152 Ordines
1551 2077 1673 2166 refert,
1698 2077 1763 2153 hoc

251 2200 367 2274 denuo
386 2221 478 2272 anno
499 2197 556 2271 ius
580 2194 648 2268 sibi
670 2194 855 2282 sumsisse,
880 2201 972 2268 certe
990 2193 1028 2266 in
1050 2194 1206 2267 futurum
1228 2194 1451 2268 reservavisse
1470 2195 1637 2270 iudicium
1661 2221 1764 2270 suum

252 2316 500 2417 pronuntiandi
535 2314 579 2388 de
612 2313 822 2412 gravissimis
855 2313 1052 2412 quibusque
1081 2311 1341 2411 quaestionibus
1374 2337 1463 2411 quae
1493 2313 1565 2387 sive
1590 2315 1636 2388 ad
1660 2313 1765 2388 huius

253 2435 497 2512 Universitatis
532 2433 603 2506 sive
634 2430 680 2506 ad
716 2433 873 2506 omnium
895 2432 931 2506 in
957 2432 1067 2530 patria
1093 2441 1209 2506 nostra
1236 2432 1509 2508 Universitatum
1531 2434 1762 2509 conditionem

253 2557 425 2631 internam
457 2553 528 2627 sive
558 2551 643 2626 adeo
672 2550 718 2624 ad
746 2551 914 2649 optim'am
940 2575 998 2626 eas
1025 2551 1235 2625 emendandi
1258 2553 1425 2628 rationem
1451 2554 1634 2652 pertinent.
1684 2554 1764 2628 Hoc

250 2678 368 2762 enim,
410 2681 450 2746 ut
484 2673 520 2744 in
544 2671 677 2769 vulgus
709 2676 830 2743 notum
863 2677 935 2757 est,
971 2669 1090 2744 multis
1114 2695 1188 2745 rem
1216 2671 1443 2761 mirantibus,
1474 2675 1644 2772 superiori
1673 2699 1765 2749 anno

251 2797 388 2871 lecerat.
441 2796 566 2892 Itaque
588 2792 716 2864 Rector
738 2797 773 2864 et
796 2790 945 2865 Senatus
965 2799 1193 2881 censuerunt,
1218 2816 1278 2866 eos
1301 2791 1338 2864 in
1360 2792 1463 2891 culpa
1485 2817 1561 2867 esse
1581 2795 1643 2892 qni
1659 2795 1764 2868 rebus

250 2941 325 2990 sese
362 2914 598 2988 immiscerent
631 2909 718 2984 nihil
751 2910 797 2985 sd
834 2935 870 2984 se
906 2910 1160 3009 pertinentibus
1187 2911 1318 3009 quique
1346 2935 1421 2986 sese
1445 2912 1701 3012 interponerent
1726 2913 1763 2987 in

251 3061 292 3109 es
324 3035 463 3135 negotia
494 3055 583 3130 qnae
614 3030 723 3130 Regis
752 3030 1004 3129 Angustissimi
1030 3043 1134 3129 atque
1158 3031 1389 3120 Guratorum,
1420 3031 1570 3108 virorum
1593 3032 1762 3133 amplissi-

251 3179 409 3243 morum,
442 3151 676 3253 providentiae
711 3150 812 3224 unice
845 3159 960 3225 essent
991 3148 1120 3227 relicta.
1171 3151 1279 3225 Omni
1317 3151 1354 3225 in
1389 3152 1566 3250 republica
1591 3178 1762 3228 remense

252 3274 335 3350 mali
359 3273 527 3373 exempli,
556 3271 677 3344 sinon
702 3271 842 3368 quaevis
865 3278 1016 3368 potestas
1041 3297 1115 3346 sese
1136 3295 1276 3371 prorsus
1298 3271 1389 3345 inter
1408 3273 1518 3350 iustos
1530 3273 1666 3370 imperii
1676 3275 1762 3348 fines

250 3395 444 3470 contineat:
471 3390 648 3492 principiis
666 3389 722 3464 hic
740 3413 815 3462 esse
836 3390 1066 3477 obstandum,
1092 3413 1167 3463 sero
1186 3388 1282 3461 enim
1302 3387 1394 3461 malo
1411 3386 1618 3462 medicinam
1632 3393 1761 3486 parari:

251 3514 393 3587 omnino
426 3513 527 3587 licere
561 3508 641 3584 viris
672 3507 923 3584 honestissimis
950 3508 1062 3606 deque
1085 3508 1161 3606 agri
1189 3505 1405 3604 Groningani
1427 3507 1615 3581 commodis
1639 3509 1763 3590 sollici·

253 3631 385 3709 tissime
419 3653 538 3704 curam
574 3627 758 3728 agentibus
795 3635 960 3725 tanquam
993 3625 1134 3726 privatis
1159 3625 1385 3712 bominibus,
1425 3624 1469 3698 dc
1500 3625 1692 3704 Academia
1728 3639 1764 3702 et

190 3805 201 3820 ,
253 3750 503 3852 professoribus
537 3756 574 3822 et
605 3747 737 3846 optima
767 3745 973 3836 instituendi
1001 3746 1090 3819 cives
1124 3744 1350 3820 Academicos
1385 3744 1439 3818 vel
1470 3744 1649 3822 honoraria
1673 3747 1763 3822 inter

251 3871 400 3970 collegas
427 3869 597 3970 partiendi
627 3866 778 3954 rabone,
815 3866 953 3966 linguae
989 3865 1138 3965 denique
1176 3863 1321 3939 latinae
1356 3887 1460 3938 mum
1492 3864 1530 3937 in
1565 3865 1762 3941 Academiis

254 3989 415 4064 abolendi
448 3987 651 4064 necessitate
681 3981 892 4061 similibusve
921 3985 1070 4085 negotiis
1099 3983 1215 4083 prouti
1242 3984 1286 4057 de
1309 3983 1451 4082 reliquis
1472 3985 1636 4061 omnibus
1659 3988 1763 4061 rebus

252 4109 357 4186 saeris
387 4115 492 4207 atque
519 4105 671 4206 profanis
698 4105 804 4181 libere
834 4105 982 4205 opinari,
1016 4106 1129 4204 loqui,
1156 4105 1361 4180 sententiam
1384 4104 1505 4192 edere,
1530 4106 1668 4202 publice
1691 4107 1760 4206 pri-

252 4229 377 4319 vatim,
408 4253 523 4304 veram
548 4227 690 4315 falsam,
721 4227 848 4300 iustam
880 4224 1056 4324 iniquam,
1089 4230 1206 4322 aptam
1238 4221 1439 4309 ridiculam,
1473 4222 1534 4296 sed
1567 4223 1760 4322 Groninga-

252 4373 339 4424 num
368 4348 455 4424 illud
479 4347 638 4446 inprimis
659 4345 842 4446 collegium
866 4341 906 4420 eo
925 4343 1129 4445 prudentius
1151 4342 1357 4441 cautiusque
1378 4340 1416 4414 in
1437 4347 1511 4415 toto
1535 4340 1601 4416 boc
1622 4345 1761 4443 negotio
1786 4359 1789 4364 ·

252 4468 436 4569 procedere
467 4465 628 4541 debuisse
659 4491 729 4564 quo
762 4464 875 4566 magis
909 4464 1072 4539 omnibus
1101 4468 1273 4538 constaret
1295 4462 1425 4536 nemini
1448 4484 1568 4534 eornm
1591 4463 1760 4551 virorum,

252 4589 297 4662 de
320 4611 469 4686 quorum
492 4593 665 4662 caeterum
687 4585 849 4662 laudibus
871 4591 977 4682 atque
998 4581 1185 4658 virtutibus
1209 4580 1372 4680 equidem
1405 4579 1493 4654 nihil
1523 4581 1625 4656 velim
1649 4583 1761 4657 detra·

253 4715 371 4797 ctum,
395 4707 648 4782 institutionem
667 4707 842 4784 liberalem
857 4706 988 4780 nedum
999 4704 1244 4780 Academicum
1261 4697 1456 4798 contigisse.
1481 4700 1605 4798 ltaque
1615 4701 1761 4778 Senatus

253 4827 455 4924 praevenire.
483 4827 611 4904 similia
624 4828 791 4918 studuit,
824 4820 961 4914 duabus
991 4823 1145 4936 epistolis
1173 4847 1243 4914 non
1272 4821 1319 4897 ad
1332 4821 1501 4918 Regem,
1530 4822 1630 4898 cuim
1659 4849 1763 4916 causa
