4892 6184
714 652 781 723 298
1313 648 1349 715 lt
1384 650 1412 715 J.
1447 648 1632 725 ulnus,

715 863 829 939 multo
861 884 967 960 qnam
1002 880 1097 934 nnnc
1127 852 1358 955 angustioris,
1390 853 1485 929 letali
1498 798 1502 807 Ι
1517 853 1681 954 amplexu
1709 850 1949 945 contenderint
1977 852 2234 953 potentissimae

716 981 890 1069 civitates,
927 974 1071 1079 quinem
1107 974 1200 1051 bello
1230 973 1364 1051 Punico
1396 972 1523 1049 classes
1557 972 1792 1073 perdiderint,
1830 981 1865 1049 et
1902 972 2121 1074 antiquitatis
2152 975 2233 1051 istas

715 1102 921 1200 Syracusas,
954 1098 1018 1173 ubi
1047 1093 1316 1172 Atheniensium
1338 1095 1376 1171 in
1400 1118 1503 1171 omne
1530 1118 1655 1171 aevum
1680 1090 1875 1170 miserabile
1896 1093 2104 1193 imperium,
2129 1094 2235 1183 eheu,

569 1217 573 1221 ’
715 1219 851 1317 ingenti
884 1218 985 1293 ruina
1021 1216 1212 1316 collapsum
1245 1222 1308 1291 est.
1357 1214 1458 1291 Haeo
1492 1222 1610 1291 autem
1643 1238 1707 1289 nes
1736 1212 1951 1313 philologos,
1987 1223 2024 1289 et
2058 1212 2239 1290 verborum

716 1338 817 1415 unice
850 1346 1053 1426 sectatores,
1087 1333 1401 1435 grammaticosque
1437 1334 1584 1411 abiicere
1620 1334 1804 1433 perhibent
1846 1333 1956 1409 invidi
1992 1334 2133 1433 quidam
2167 1335 2238 1409 sive

714 1482 831 1534 rerum
868 1456 964 1533 hand
997 1456 1081 1532 satis
1117 1453 1237 1555 gnari,
1274 1454 1404 1555 quibus
1437 1463 1553 1531 tamen
1589 1454 1795 1531 fidemnon
1831 1452 2016 1553 denegavit
2038 1452 2237 1553 imprudens

714 1576 857 1666 forsitan
882 1601 974 1651 unus
995 1582 1033 1651 et
1057 1574 1155 1663 alter,
1183 1598 1246 1673 per
1266 1598 1372 1674 quem
1396 1574 1500 1649 latius
1522 1581 1638 1675 serpat
1659 1597 1821 1673 perversa
1844 1571 1975 1683 qpiuio.
2024 1573 2101 1647 Nee
2124 1582 2237 1649 tamen

714 1720 773 1795 me
797 1696 916 1796 ipsum
939 1718 1151 1796 magnopere
1170 1694 1370 1769 disturbant
1389 1693 1588 1769 istiusmodi
1609 1692 1768 1793 querelae
1779 1726 1790 1781 3
1820 1692 1936 1767 sciunt
1959 1693 2052 1767 enim
2075 1701 2112 1767 et
2134 1692 2236 1790 probe

715 1823 856 1904 tenent,
891 1816 923 1891 si
956 1815 1018 1914 qui
1049 1838 1107 1889 me
1142 1814 1344 1913 cognorint,
1376 1814 1453 1890 istis
1477 1838 1535 1890 me
1557 1814 1708 1889 realibus
1732 1812 1882 1887 nimium
1908 1811 2052 1888 fortasse
2076 1813 2233 1911 temporis

714 1943 752 2011 et
782 1935 891 2010 studii
924 1935 995 2011 iam
1024 1934 1262 2033 insumpsisse.
1312 1936 1363 2009 At
1385 1958 1448 2011 nos
1471 1958 1586 2034 neque
1609 1932 1848 2011 iurisconsulti
1869 1957 2013 2021 sumus,
2038 1939 2079 2006 ut
2105 1930 2150 2033 de
2175 1932 2232 2007 du·

714 2054 849 2131 odeoim
883 2054 1032 2142 tabulis,
1065 2053 1120 2129 vel
1147 2054 1192 2128 de
1213 2055 1433 2155 Iusrmrsuo
1460 2053 1643 2163 commode
1672 2075 1839 2153 agamus,
1870 2077 1985 2152 neque
2007 2051 2233 2151 archneologi,

715 2182 757 2249 nt
781 2173 826 2247 de
850 2174 1018 2274 gemmis,
1051 2180 1087 2249 et
1111 2161 1327 2251 vestimentis
1354 2186 1530 2261 veterum,
1570 2174 1683 2271 deque
1711 2196 1832 2247 eorum
1859 2170 2080 2247 conclavibus
2103 2171 2231 2247 vehicu-

578 2356 583 2363 .
713 2293 827 2392 lisque
865 2294 976 2367 sinim
1012 2291 1105 2367 insto
1140 2293 1254 2392 magis
1295 2294 1453 2382 solliciti,
1488 2300 1550 2369 aut
1586 2292 1810 2367 moderamur
1843 2288 2113 2390 rempublicam,
2151 2317 2233 2389 quea

663 2502 672 2519 ι
713 2414 815 2512 peius
840 2411 1002 2510 castigari
1023 2412 1162 2511 nequit,
1187 2436 1295 2510 quam
1317 2413 1348 2487 si
1370 2412 1584 2512 philosophis
1610 2410 1764 2511 regenda
1792 2410 1966 2487 ucduu:
1993 2410 2232 2487 abstinendum

713 2541 769 2608 est
798 2557 821 2607 a
848 2556 886 2606 re
912 2531 1072 2620 militari,
1103 2555 1148 2605 ne
1173 2531 1399 2608 Phormiones
1422 2534 1566 2621 fiamus,
1591 2554 1707 2630 neque
1734 2530 2007 2629 argentariomm
2032 2556 2128 2607 more
2151 2540 2231 2607 tem·

712 2676 782 2751 pus
803 2651 988 2727 terendum
1007 2651 1045 2725 in
1073 2650 1287 2750 expoliendis
1306 2651 1440 2753 aliquot
1464 2651 1670 2739 denariolis,
1697 2650 1759 2749 qui
1779 2650 1902 2725 veteris
1923 2676 1966 2725 er
1986 2650 2080 2725 orbis
2097 2651 2233 2728 interitu

714 2771 935 2870 superfuere3
968 2770 1187 2869 grammatici
1220 2794 1364 2861 sumus,
1398 2780 1436 2847 et
1471 2771 1643 2847 tradimus
1675 2769 1948 2869 grammaticam.
1997 2772 2049 2845 At
2079 2772 2231 2870 qualem,

713 2890 884 2989 cuiusque
923 2889 1086 2988 generis?
1129 2888 1247 2965 Verbo
1275 2886 1473 2979 absolvam,
1506 2892 1697 2989 utriusque
1722 2890 1908 2978 sermonis,
1940 2890 2002 2989 qni
2025 2891 2141 2969 adhuc
2164 2893 2232 2968 orbi

713 3017 885 3084 terrarum
907 3006 1137 3105 imperitavit,
1169 3010 1337 3085 sermonis
1363 3009 1586 3099 divitissimi,
1612 3008 1832 3110 pulcherrimi
1856 3017 1891 3085 et
1915 3010 2066 3085 maxime
2089 3010 2231 3087 absoluti

715 3152 821 3228 quem
846 3126 1008 3203 humanis
1031 3150 1199 3226 nmquam
1223 3128 1346 3205 usibus
1372 3130 1568 3207 inserviisse
1594 3130 1775 3218 novimus,
1799 3137 1835 3203 et
1855 3130 1996 3205 alterius
2017 3131 2111 3221 eim,
2136 3132 2228 3207 οιιίιιι

713 3248 857 3347 iugum,
890 3246 975 3321 olim
1004 3246 1244 3353 indemortui,
1277 3272 1371 3325 nune
1401 3250 1545 3327 demum
1580 3250 1784 3327 dubitanter
1811 3251 1972 3325 eruimus
1996 3251 2228 3350 aequaliume

714 3365 928 3443 nostratibns
948 3366 1160 3441 audaciores.
1209 3368 1298 3443 Eam
1322 3392 1402 3445 veno
1424 3394 1540 3446 rerum
1561 3370 1846 3469 intelligentiam,
1872 3370 1901 3443 ei
1919 3370 2005 3470 qnid
2021 3371 2099 3444 boui
2109 3370 2225 3460 inerit,

623 3470 638 3490 ’
713 3488 909 3586 harumque
936 3484 1140 3585 opinionum
1166 3496 1301 3585 partem
1334 3489 1418 3565 satis
1449 3516 1614 3591 magnam
1640 3490 1785 3565 Οοιιιιιο
1809 3514 1865 3565 me
1890 3490 2035 3583 debere,
2066 3515 2135 3565 nnn
2156 3499 2227 3577 tnn-

712 3614 791 3685 tum
824 3630 895 3681 non
924 3605 1087 3695 diffiteor,
1123 3606 1209 3706 quin
1240 3608 1349 3685 immo
1369 3610 1495 3709 glorior
1515 3618 1551 3684 et
1573 3608 1754 3712 praedico,
1781 3608 1977 3685 'dummodo
2001 3610 2078 3687 eius
2102 3610 2229 3699 leudis,

714 3726 811 3824 qnod
844 3726 920 3825 ipse
957 3726 1114 3800 omnium
1148 3726 1283 3826 primus
1317 3729 1513 3805 moniturus
1547 3738 1657 3819 esset,
1693 3755 1773 3829 pars
1805 3731 1922 3833 aliqua
1952 3741 1988 3805 et
2014 3732 2098 3807 satis
2121 3733 2229 3831 ampla

713 3842 846 3917 recidat
878 3844 917 3923 iu
950 3844 1082 3943 egregii
1114 3844 1221 3921 huius
1243 3847 1307 3923 viri
1327 3848 1398 3925 iam
1420 3850 1567 3940 amieos,
1600 3850 1765 3949 eiusque,
1798 3857 1837 3926 nt
1857 3849 1947 3940 mei,
1972 3851 2079 3927 duces
2104 3859 2139 3927 et
2162 3876 2226 3927 mn·

713 3960 860 4059 gistros,
884 3960 922 4035 in
941 3962 1116 4052 Bsmnsr,
1141 3965 1384 4067 Geminisque
1408 3976 1443 4043 et
1468 3970 1785 4058 Pmnnxsrrrrunr,
1810 3994 1965 4046 summos
1981 3971 2090 4059 viros,
2108 3971 2227 4045 deinde
2267 4029 2271 4040 .

628 4152 633 4161 ,
706 4080 752 4155 in
782 4080 905 4155 heroes
931 4080 1016 4157 istos
1035 4084 1242 4163 remotioris
1271 4088 1364 4177 aevi,
1393 4088 1431 4163 in
1459 4089 1713 4165 Csssnsounnr
1742 4089 2107 4178 assensionis
2126 4090 2225 4165 Hau·

715 4222 950 4284 somnusrusr
983 4210 1020 4277 et
1048 4202 1373 4282 Vsncrnrvsnmmr
1393 4216 1581 4299 nostrates,
1605 4216 1641 4283 et
1661 4232 1841 4285 summum
1864 4210 1964 4297 illum
1984 4212 2226 4297 Gronovius,

713 4320 824 4395 civem
849 4320 921 4397 iam
945 4344 1086 4413 meum,
1117 4323 1218 4399 cuius
1241 4325 1279 4401 in
1301 4326 1443 4404 Invrusr
1473 4354 1599 4417 sunm,
1631 4329 1693 4427 qui
1722 4328 1810 4404 mihi
1835 4330 1919 4405 item
1941 4329 1978 4405 in
2006 4330 2138 4405 deliciis
2160 4340 2227 4419 est,

713 4440 985 4538 praeclarissima
1015 4442 1156 4519 inventa
1188 4470 1259 4545 quo
1286 4470 1345 4524 me
1377 4446 1494 4523 animo
1517 4448 1665 4525 censetis
1687 4472 1730 4523 ex
1754 4449 1822 4525 isto
1846 4450 2009 4527 cathedra
2030 4458 2226 4536 retractare,

713 4583 804 4658 quae
827 4568 908 4659 post
930 4561 1070 4661 longam
1087 4562 1270 4641 doctorum
1291 4566 1414 4642 seriem
1431 4568 1518 4643 mihi
1538 4567 1607 4645 iam
1625 4576 1697 4645 tam
1718 4569 1847 4670 dispari
1863 4570 2004 4647 domino
2023 4569 2151 4645 tradita
2167 4580 2224 4645 est.

760 4678 832 4756 Sed
861 4681 994 4757 almum
1026 4683 1117 4783 rapit
1148 4685 1232 4762 horn
1248 4687 1376 4779 diem,
1401 4696 1437 4762 et
1461 4688 1499 4764 id
1526 4690 1807 4786 commonefacit,
1832 4690 2025 4780 auditores,
2051 4714 2098 4765 ne
2122 4698 2224 4765 vestre

712 4798 899 4895 patientia,
923 4809 961 4877 et
979 4802 1211 4884 intentissima
1235 4807 1393 4911 mihique
1418 4810 1614 4909 gratissima
1640 4810 1749 4890 enimi
1775 4810 1964 4888 attentione
1986 4810 2080 4900 iuste
2099 4807 2226 4885 diuhus
