4892 6184
885 692 1163 760 oanrro.
1461 662 1464 670 ’
1718 692 1782 758 us

269 901 371 978 nsive
396 905 492 977 antra
512 899 686 976 civitatem
708 923 728 972 e
747 899 882 977 ratione
901 901 1011 978 oritur
1034 909 1139 1002 etque
1159 924 1220 1001 par
1241 899 1410 974 rationem
1433 922 1502 974 non
1528 895 1605 973 dico
1631 899 1783 996 agnosci·

270 1031 372 1112 ctur,
397 1021 459 1098 sed
484 1021 585 1097 unice
610 1022 854 1120 coqueretur?

316 1143 415 1216 Num
436 1141 564 1216 mirum
588 1147 661 1228 est,
693 1140 899 1216 Auditoresl
935 1140 1128 1217 doctrinam
1157 1129 1201 1213 de
1224 1163 1294 1237 qua
1315 1137 1452 1237 agimus
1473 1136 1541 1212 alio
1564 1137 1692 1212 sensim
1721 1161 1782 1211 no·

268 1261 362 1336 mine
404 1260 568 1358 appellari
608 1265 765 1359 coeptam
807 1261 908 1335 esse?
967 1261 1090 1336 Simile
1127 1259 1212 1359 quid
1250 1259 1436 1355 theolopioc
1475 1258 1628 1332 natarali
1659 1256 1782 1330 evenit.

266 1381 364 1471 Quae
395 1380 446 1456 ita
475 1406 497 1456 a
529 1379 744 1455 nostratibus
776 1380 813 1454 in
840 1379 966 1480 vulgus
991 1379 1084 1455 diota
1106 1388 1179 1468 est,
1215 1377 1412 1476 suspicante
1440 1377 1656 1451 Hnaunnuo
1686 1375 1783 1450 Bou·

269 1521 418 1588 unuuo‚
443 1498 516 1574 viro
536 1523 607 1574 uno
624 1498 662 1572 in
681 1497 800 1596 paucis
822 1498 1037 1588 doctissimo,
1056 1522 1117 1596 per
1137 1498 1360 1572 Ouarsrrmu
1378 1495 1513 1570 Wounr
1533 1495 1784 1570 auctoritatem.

268 1617 405 1693 Nomen
436 1628 516 1716 post
550 1618 881 1692 Hunnnuaurcacu
906 1618 1000 1718 apud
1023 1620 1213 1693 Germanos
1238 1615 1380 1714 quidem
1406 1615 1518 1714 magis
1543 1613 1723 1714 magisque
1748 1614 1785 1687 in

267 1735 536 1810 desuetudinem
558 1735 655 1810 abiit.
705 1737 798 1810 Item
822 1737 918 1834 upud
944 1761 1007 1810 nos
1027 1735 1219 1811 obsolescit.
1258 1735 1315 1810 Ita
1338 1733 1587 1810 sententiarum
1610 1732 1784 1808 convemio

268 1873 451 1954 magnam,
484 1862 526 1928 ut
547 1854 597 1928 ait
617 1854 695 1941 ille,
730 1854 777 1929 ad
803 1878 907 1928 usum
930 1853 1095 1954 loquendi
1123 1853 1192 1928 um
1214 1853 1341 1928 habere
1363 1853 1469 1928 solet:
1502 1853 1658 1926 nondum
1684 1876 1783 1940 vero,

268 1981 309 2049 ut
329 1973 416 2049 mibi
437 1972 581 2072 quidem
606 1972 763 2062 videtur,
799 1980 931 2049 uotam
961 1981 1126 2073 quantam
1154 1979 1289 2048 mutata
1312 1972 1501 2047 multarum
1525 1971 1784 2070 disciplinarum

267 2093 355 2168 ratio
376 2081 628 2192 propemodum
651 2091 828 2190 postulem
852 2092 997 2168 videtur.
1046 2093 1126 2168 Dici
1152 2091 1247 2167 enim
1265 2093 1321 2166 vix
1343 2101 1457 2191 potest
1476 2099 1579 2191 aptus
1603 2091 1782 2168 vocabulo·
1870 2118 1879 2128 ·

268 2235 346 2288 mm
378 2237 463 2287 usus
494 2235 601 2310 quam
631 2212 762 2310 prosit,
789 2211 929 2309 ineptus
954 2233 1058 2309 quarn
1079 2219 1201 2286 noceat
1224 2212 1378 2300 cantati,
1402 2211 1672 2310 gravissimaque
1697 2211 1784 2285 adeo

268 2333 398 2406 damna
431 2331 521 2406 vitae
553 2330 675 2429 pariat.
726 2330 989 2430 Nonnunquam
1011 2331 1170 2429 quidem,
1206 2331 1274 2405 nisi
1295 2330 1411 2419 fallor,
1442 2330 1571 2406 librum
1593 2329 1785 2405 emtoribus

267 2448 537 2525 commendandi
554 2472 660 2524 causo
677 2449 762 2524 haec
779 2473 858 2549 pars
877 2449 1166 2548 iurisprudentiae
1190 2450 1388 2525 etiamnunc
1408 2451 1463 2524 ius
1483 2449 1658 2538 naturale,
1682 2449 1785 2523 ratio-

268 2568 367 2656 nale,
402 2567 619 2660 nominatum
656 2566 815 2666 plerique
846 2592 925 2642 vero
956 2568 1208 2672 physiologiae,
1240 2577 1403 2657 natmae,
1435 2568 1670 2667 philosophiae
1701 2567 1786 2641 iuris

269 2687 413 2760 titulum
438 2685 657 2784 praeferunt:
695 2693 850 2761 servatae
881 2686 974 2760 euim
989 2689 1228 2792 philosophiae
1254 2688 1418 2761 honorem
1442 2712 1562 2762 omnes
1584 2687 1651 2760 sibi
1675 2685 1785 2760 sindi-

266 2813 349 2880 cant
376 2805 578 2903 scriptores,
614 2805 677 2904 qui
700 2804 802 2880 variis
829 2804 883 2879 his
906 2806 1106 2882 nominibus
1127 2813 1285 2882 utuntur.
1332 2805 1388 2879 Da
1411 2830 1488 2880 vera
1511 2813 1649 2903 tantum
1676 2806 1786 2904 pbilo-

267 2923 440 3022 sophandi
462 2923 594 2998 ratione
615 2923 660 2999 ab
682 2923 727 2999 iis
750 2923 961 3000 dissentim
978 2927 1041 3026 qui
1058 2926 1146 3001 hanc
1167 2926 1234 3000 sibi
1250 2925 1317 3000 soli
1330 2933 1586 3024 arrogaverunt.
1625 2917 1788 3014 Quaestio

269 3043 378 3142 igitm
402 3067 471 3118 uon
497 3050 569 3132 est,
593 3068 682 3118 num
706 3042 1022 3142 philosophandum
1047 3047 1093 3120 sit
1116 3045 1160 3120 de
1183 3045 1278 3134 iure,
1303 3046 1365 3120 sed
1388 3045 1587 3144 quomodo?

319 3162 439 3240 Meam
465 3163 509 3238 de
541 3162 795 3262 significatione
819 3164 993 3239 vocubulis
1018 3173 1143 3240 aduro
1167 3169 1261 3240 iuria.
1283 3165 1469 3240 tribuenda
1490 3165 1697 3240 senteutiam
1727 3187 1786 3239 ex·

269 3281 380 3379 posui.
433 3281 598 3380 Superest
634 3290 674 3372 ut
706 3282 750 3358 da
781 3290 906 3358 natura
931 3285 1081 3360 hominis
1105 3310 1210 3384 agam
1240 3293 1420 3384 tamquam
1443 3285 1543 3359 lonta'
1563 3284 1656 3358 unde
1685 3308 1788 3359 omne

269 3398 398 3474 iussit
429 3399 669 3475 derivandum.
725 3399 881 3476 Oranctae
913 3401 1111 3499 disciplinae
1137 3409 1242 3500 atque
1265 3411 1375 3491 artes,
1407 3403 1611 3477 Auditorea!
1637 3402 1788 3476 maxime

271 3525 389 3592 autem
424 3543 544 3594 earum
577 3518 783 3618 praecipua,
818 3520 948 3619 quippe
980 3545 1125 3618 parens,
1159 3521 1394 3620 philosophia,
1432 3547 1454 3595 a
1486 3530 1611 3594 natura
1638 3521 1788 3595 hominis

272 3636 451 3711 ducendae
487 3645 592 3735 atque
613 3638 661 3713 ad
687 3661 765 3712 eam
788 3638 1010 3714 excolendam
1032 3648 1067 3713 et
1091 3639 1333 3737 perficiendam
1360 3639 1558 3733 referendae
1578 3647 1672 3714 sunt.
1717 3641 1789 3714 Ne·

273 3780 343 3854 que
369 3756 598 3832 arctissimam
627 3757 784 3832 omnium
805 3757 1095 3832 necessitudinem
1125 3782 1275 3856 cumque
1297 3769 1440 3833 naturae
1461 3759 1633 3833 humanae
1657 3760 1788 3834 unitate

271 3874 513 3974 cognationem
547 3900 716 3973 umquam
745 3876 920 3975 negligere
944 3877 970 3950 ii
997 3877 1126 3952 debent
1151 3879 1212 3976 qui
1235 3878 1384 3978 singulis
1404 3875 1625 3978 praecipuam
1649 3904 1789 3978 operam

272 4002 410 4072 navant.
459 3994 491 4068 Ii
521 4002 738 4071 tamennon
778 4004 858 4072 ante
885 3998 1002 4072 omnia
1030 4006 1182 4096 spectare
1214 4006 1362 4097 possunt
1393 4005 1434 4072 ut
1455 3998 1604 4073 hominis
1627 4007 1786 4074 naturam

273 4115 311 4188 in
332 4138 472 4190 omnem
496 4121 633 4215 partem
658 4117 854 4215 explorent:
889 4118 984 4216 quod
1016 4124 1159 4216 propter-
1184 4118 1320 4216 generis
1347 4119 1491 4193 humani
1518 4117 1788 4192 imbecillitatem

272 4241 380 4332 atque
415 4236 586 4334 pecuhara
625 4236 843 4338 singidunum
877 4237 1110 4312 doctrinarum
1137 4238 1353 4337 propositum
1376 4263 1421 4320 ne
1446 4237 1790 4336 apraestantissimia

273 4352 415 4453 quidem
442 4355 591 4454 ingeniis
619 4357 809 4456 exspectari
830 4363 954 4456 potest
1023 4331 1030 4350 ’

321 4474 510 4548 Caeterum
548 4500 718 4576 magnum
748 4484 803 4551 cst
834 4483 871 4549 et
900 4475 1057 4550 mirabile
1085 4476 1178 4575 quod
1209 4501 1251 4550 ea
1272 4500 1342 4574 qua
1363 4474 1510 4550 dumus
1529 4481 1642 4550 aetate
1668 4498 1789 4550 omnes

272 4590 474 4690 disciplinas
504 4619 595 4693 quae
616 4603 776 4672 naturam
799 4619 914 4671 rerum
933 4594 1167 4694 indagandam
1190 4595 1259 4670 sibi
1278 4602 1476 4694 proponunt
1497 4597 1543 4671 ad
1563 4619 1644 4669 eum
1668 4595 1789 4669 florem

274 4711 472 4810 pervenisse
498 4722 635 4791 constat
655 4723 864 4814 tantumque
887 4715 1046 4790 utilitatis
1067 4715 1219 4792 bachum
1241 4717 1360 4816 generi
1379 4717 1531 4792 humano
1551 4715 1656 4804 ferre,
1678 4739 1787 4814 quan-

275 4837 352 4907 tum
384 4857 429 4908 ex
455 4834 686 4912 anterioribus
707 4835 842 4926 nullae,
874 4835 945 4911 imo
972 4859 1016 4911 ne
1041 4835 1220 4914 universae
1246 4836 1387 4936 quidam
1411 4835 1562 4911 uiderint
1582 4844 1688 4936 atque
1713 4861 1789 4936 per·
