4892 6184
870 687 1168 757 rualem.
1712 690 1777 758 208

264 899 431 1000 signitum
472 898 641 974 Vruomn
678 920 798 972 versu:
840 899 964 974 aFelie
1002 900 1062 999 qui
1099 911 1216 974 retum
1243 900 1362 997 potuit
1401 921 1617 998 mpaoseeel
1631 897 1776 972 caum?

264 1020 388 1096 latine
421 1042 621 1119 expressum
632 1051 643 1110 3
678 1020 819 1094 tertium
852 1018 1033 1096 vernacula
1069 1018 1237 1118 seriptum
1269 1025 1321 1093 at·
1337 1017 1393 1093 his
1421 1019 1634 1094 Mammam
1661 1017 1775 1093 verbis

165 1151 168 1158 ’
266 1141 487 1216 distinctum:
528 1139 675 1214 alleccia
703 1164 768 1238 quo
787 1143 866 1236 fine
894 1141 997 1213 ductu
1031 1146 1181 1215 uetustas
1213 1141 1337 1215 limiam
1373 1131 1464 1216 risus
1500 1165 1606 1216 causa
1640 1148 1777 1216 emtore

265 1262 489 1361 evulgaverit,
525 1261 608 1334 dum
640 1260 737 1358 longo
768 1259 999 1335 litteratorum
1027 1284 1179 1334 moerore
1215 1261 1257 1334 cb
1282 1263 1430 1336 cendum
1457 1269 1649 1336 assecutum
1678 1262 1778 1336 laius

265 1383 406 1455 voceris
426 1388 590 1455 caturam
608 1379 724 1478 lugeat
744 1382 945 1454 academiae
951 1381 990 1465 ;’'
1015 1379 1155 1454 tandem
1178 1386 1340 1479 quartum
1369 1380 1455 1455 item
1479 1380 1591 1478 patrio
1619 1405 1776 1457 sermone

266 1500 389 1574 litteris
416 1498 621 1574 mandatum
651 1505 687 1572 at
714 1505 873 1574 notatum
905 1497 1017 1574 verbis
1042 1500 1333 1573 strunsmrvm:
1363 1500 1456 1575 ch'e
1474 1501 1592 1574 Natus
1610 1504 1716 1591 werd,
1739 1505 1778 1575 ic

266 1622 327 1694 der
348 1619 466 1693 Natar
485 1620 642 1717 tanguam
661 1621 822 1716 pesuclt,
847 1645 907 1692 ana
927 1619 1212 1718 pesclwindeatea
1234 1621 1445 1717 petendas?

315 1741 369 1816 De
393 1739 448 1814 his
472 1737 766 1838 disputationibus
789 1737 886 1812 Ordo
910 1737 958 1812 sie
981 1736 1163 1812 iudicavit:
1265 1799 1274 1804 .

321 1863 486 1941 Quartam
514 1881 719 1958 responsum
750 1883 772 1932 a
795 1858 937 1956 reliquis
966 1856 1030 1933 boe
1057 1858 1196 1932 nomine
1228 1855 1348 1932 statim
1381 1857 1550 1960 distingui
1571 1860 1685 1936 visum
1704 1870 1777 1950 est,

268 1981 362 2080 quod
391 1980 493 2079 plena
521 1978 567 2055 ad
600 1979 838 2078 quaestionem
874 1979 1051 2079 responsio
1082 1977 1151 2053 dici
1182 1978 1258 2052 iure
1286 2001 1356 2052 non
1379 1985 1503 2078 potest.
1554 1981 1782 2082 Investigavit

267 2099 417 2176 maxime
450 2106 569 2186 auctor
602 2099 640 2172 in
672 2098 813 2174 cellulas
848 2100 1063 2198 corpuscula.
1080 2099 1260 2198 sanguinis
1292 2098 1527 2188 continentem
1563 2101 1696 2200 reliqua
1732 2102 1779 2176 ad

268 2220 506 2320 quaestionem
526 2219 687 2295 facientia
715 2219 770 2293 vix
795 2223 857 2293 aut
878 2240 923 2291 ne
944 2216 1001 2290 vix
1023 2216 1165 2315 quidem
1186 2216 1304 2315 attigit
1323 2223 1360 2292 et
1373 2226 1578 2319 susspectus
1595 2219 1778 2295 historicus

268 2341 313 2413 de
343 2337 557 2423 emditomm
589 2335 633 2412 de
669 2335 758 2411 liene
780 2333 1002 2435 opinionibus
1024 2357 1148 2433 pamm
1171 2333 1367 2412 elaboratus
1387 2345 1459 2426 est;
1485 2338 1782 2437 quemadmodum

268 2464 342 2533 tota
371 2481 487 2532 rerum
520 2455 725 2531 traditarum
756 2453 924 2553 expositio
955 2453 1039 2528 satis
1069 2453 1153 2528 levis
1185 2461 1239 2528 est
1262 2455 1418 2533 dicenda.
1459 2458 1556 2533 Ordo
1582 2482 1653 2534 non
1677 2467 1783 2559 negat

272 2575 477 2652 observandi
511 2574 667 2650 studium
696 2583 872 2650 aucwrem
899 2572 1108 2661 ostendisse,
1132 2597 1203 2648 uon
1223 2599 1363 2672 prorsas
1383 2577 1417 2652 ei
1438 2575 1556 2653 deesse
1577 2578 1784 2654 observandi

272 2704 381 2772 artem
407 2704 443 2770 et
463 2695 684 2784 facultatem,
709 2694 900 2770 laudabiles
923 2693 1009 2770 adeo
1032 2693 1279 2770 observationis
1308 2695 1443 2772 fructus
1468 2723 1631 2799 apparere
1657 2699 1694 2773 in
1718 2699 1785 2774 hcc

271 2822 432 2891 tractatu.
484 2813 555 2888 Sed
588 2837 699 2913 quum
732 2839 852 2890 omnes
882 2812 1094 2913 quaestionis
1125 2821 1242 2914 partes
1270 2840 1341 2891 nou
1372 2817 1541 2917 attinget,
1572 2818 1658 2917 quin
1682 2818 1786 2917 longe

267 2935 435 3036 plurimas
465 2934 612 3010 intactas
643 2933 832 3033 relinquat,
865 2933 961 3008 Ordo
995 2932 1161 3010 iudicavit
1183 2934 1248 3010 hoc
1276 2959 1481 3037 responsum
1512 2936 1629 3036 aliquo
1654 2936 1784 3012 honore

266 3081 338 3132 non
361 3062 462 3156 posse
486 3053 610 3130 ornari.

316 3175 453 3252 Placuit
487 3201 508 3249 e
536 3173 679 3274 reliquis
712 3174 825 3250 tribus
854 3175 1003 3250 maxime
1026 3176 1197 3272 pomum.
1251 3174 1385 3249 Auctor
1415 3172 1520 3250 huius
1552 3176 1784 3276 responsionis

269 3294 441 3395 signifieat
457 3292 495 3367 in
511 3292 686 3393 prooemio
703 3317 740 3368 se
759 3292 807 3368 sic
824 3291 1038 3368 existimasse
1055 3291 1226 3366 Ordinem
1247 3275 1430 3392 praecipue
1451 3295 1644 3370 desiderare
1665 3295 1781 3395 inqui·

270 3415 429 3490 sitionem
461 3413 653 3512 propriam,
686 3411 804 3487 minus
833 3408 1055 3484 traditionem
1088 3403 1208 3481 eorum
1240 3431 1330 3504 quae
1358 3409 1404 3484 ab
1441 3411 1517 3485 aliis
1552 3419 1688 3512 reperta
1720 3421 1783 3487 aut

269 3533 368 3608 libris
391 3530 557 3607 mandata
579 3539 671 3607 suut.
720 3533 846 3628 Itaque
868 3532 1090 3628 conspectum
1108 3525 1310 3601 historicum
1329 3529 1513 3628 seperatim
1532 3555 1602 3607 non
1626 3531 1781 3608 tradidit.

270 3654 348 3728 Nee
371 3658 489 3728 tamen
512 3651 726 3751 superiumm
751 3651 956 3750 scripturum
976 3671 1080 3745 opera
1102 3644 1277 3745 neglexit;
1311 3649 1374 3723 sed
1396 3649 1514 3726 stetim
1536 3660 1782 3751 argumentum

272 3799 377 3847 suum
413 3777 558 3847 tractare
592 3771 760 3870 incipiens
791 3769 907 3844 critice
939 3775 1120 3842 auctorum
1154 3766 1343 3842 sententias
1373 3770 1568 3847 considerat
1592 3780 1628 3847 et
1650 3772 1785 3848 tructus

272 3891 428 3968 lectionis
461 3916 555 3986 cum,
579 3889 826 3967 observationis
863 3888 1021 3990 propriae
1059 3885 1232 3962 fructibus
1271 3911 1342 3962 una
1378 3892 1628 3982 communicat,
1666 3893 1717 3969 ita
1745 3903 1786 3969 ut

272 4011 453 4086 materiem
484 4019 519 4086 et
549 4017 630 4110 apte
663 4009 824 4110 disponat
851 4016 887 4084 et
913 4007 1085 4083 subtiliter
1103 4007 1270 4082 diiudicet
1289 4015 1326 4083 et
1348 4009 1436 4086 nihil
1455 4013 1609 4112 negligat
1630 4020 1666 4088 et
1691 4015 1785 4089 acuti

271 4129 405 4230 ingenii
424 4138 460 4204 at
484 4129 617 4204 solertis
641 4129 829 4230 specimina
850 4128 990 4230 copiosa
1010 4127 1227 4203 continenter
1247 4127 1420 4206 exhibeat.

319 4251 387 4325 Per
412 4257 526 4326 tutum
556 4275 698 4326 cursum
725 4247 968 4349 disputationis
998 4247 1111 4322 elucet
1134 4248 1210 4322 eius
1234 4248 1387 4347 plurium
1410 4246 1642 4326 doctrinarum
1662 4251 1785 4351 peritia

272 4369 354 4445 talis
386 4378 427 4445 ut
460 4395 531 4447 non
568 4391 676 4446 unum
706 4371 935 4469 alterumque,
953 4361 998 4442 ex
1019 4367 1063 4442 iis
1088 4368 1203 4443 loeum
1225 4369 1288 4444 sed
1309 4393 1448 4475 omnem
1471 4394 1591 4446 earum
1614 4370 1787 4446 ambitum

274 4515 313 4566 se
335 4496 452 4565 tenere
476 4491 646 4567 ostendat.
679 4489 786 4570 Quod
806 4513 889 4566 sane
909 4487 1034 4563 Ordini
1050 4487 1205 4563 constitit
1225 4487 1270 4563 de
1288 4487 1548 4579 eiuschemiae,
1572 4490 1785 4581 memmiae,

275 4610 532 4710 physiologiae,
569 4611 791 4711 histologiae‚
829 4608 974 4684 aliarum
1007 4607 1241 4683 doctrinarum
1269 4608 1489 4685 modicarum
1522 4610 1717 4710 cognitione
1750 4618 1787 4685 et

272 4729 522 4806 observationis
547 4737 620 4806 arte
643 4737 679 4805 et
703 4753 771 4806 usu
799 4752 889 4829 quae
910 4727 947 4801 in
970 4726 1045 4803 eius
1070 4752 1172 4828 opere
1196 4727 1359 4805 eminent.

324 4849 416 4924 'lum
446 4850 552 4926 etiam
583 4849 708 4926 Ordini
738 4871 946 4950 magnopere
977 4847 1107 4948 placuit
1137 4846 1286 4925 liberum
1319 4873 1390 4947 quo
1418 4857 1538 4927 auctor
1562 4847 1674 4924 utitur
1697 4847 1789 4923 iudi·

944 4968 946 4971 ’
1522 4969 1600 5046 26*
