4892 6184
874 636 1152 741 oaerr‘o.
1704 665 1768 735 are

258 888 432 989 epioerent
458 888 635 977 doctores,
666 906 731 959 noe
760 881 864 960 verba
884 882 1059 983 provisam
1081 904 1158 956 rem
1182 878 1288 955 nimis
1311 877 1420 955 iuvita
1443 900 1513 955 non
1534 883 1770 978 sequerentur.
1846 892 1850 899 ·

259 1009 367 1089 Quod
397 1032 513 1110 neque
542 1028 638 1083 nuno
671 1002 815 1105 perinde
849 1010 922 1091 eet,
956 1008 995 1078 at
1027 1000 1131 1099 longe
1158 998 1306 1090 ,minoris
1330 1000 1498 1075 momenti
1522 1006 1627 1099 etque
1655 1001 1769 1073 anteo.

257 1129 446 1230 bilinguem
475 1151 571 1203 nuno
602 1131 639 1200 et
667 1121 875 1197 indisertum
902 1121 1054 1219 aliquem
1074 1121 1294 1197 Burrnarorr
1323 1144 1460 1197 summo
1484 1122 1599 1198 studio
1626 1130 1771 1199 sectare·

257 1272 358 1337 mur,
389 1246 453 1347 qui
475 1246 509 1320 ai
536 1241 760 1324 mordacitate
786 1248 824 1316 et
852 1239 1026 1347 eoribendi
1049 1239 1220 1340 elegantia
1249 1239 1365 1317 minus
1394 1264 1499 1339 quarn
1528 1242 1684 1319 doctrina
1711 1266 1768 1317 va·

258 1368 400 1454 luisset,
434 1364 572 1442 dudum
591 1361 637 1465 ab
665 1359 892 1461 ignotissimis
913 1350 1115 1434 adversariis
1134 1384 1321 1460 oppressus
1341 1361 1509 1462 inglorius
1532 1364 1667 1440 iaceret.
1717 1366 1769 1437 At

259 1486 291 1561 ai
322 1485 520 1561 facundiam
550 1506 620 1557 non
653 1482 766 1580 primo
789 1478 945 1555 omnium
966 1477 1040 1554 loeo
1061 1478 1133 1554 iam
1157 1480 1337 1578 ponimus,
1360 1490 1478 1557 manat
1498 1484 1566 1583 ipsi
1590 1509 1654 1559 sua
1673 1483 1767 1571 laus,
1848 1547 1851 1552 .

259 1613 297 1680 et
326 1604 420 1680 dooti
448 1628 512 1704 per-
537 1598 771 1700 eloquentiam
793 1598 929 1674 laoilios
955 1598 1153 1697 placebunt.
1201 1600 1281 1675 Hoc
1300 1607 1420 1677 eutem
1438 1603 1546 1702 probe
1569 1610 1769 1691 teneamus,

259 1748 330 1799 non
353 1746 429 1798 ease
451 1722 532 1795 ideo
556 1743 620 1819 pro
640 1718 782 1793 indocto
806 1715 1026 1805 habendum,
1051 1717 1181 1817 siquis
1201 1718 1399 1795 indisertior
1418 1721 1475 1797 sit.
1847 1821 1852 1829 ¹

310 1845 361 1917 At
386 1842 457 1916 iam
478 1833 579 1939 putat
599 1836 726 1938 aliquis
747 1844 905 1937 oportere
927 1860 1028 1925 eum,
1061 1837 1124 1936 qui
1142 1861 1273 1913 munus
1298 1838 1534 1918 academicum
1554 1843 1772 1943 auspicetur,

261 1984 451 2061 exponere,
488 1958 628 2059 qualem
667 1955 860 2032 doctrinam
894 1955 1085 2031 traditurus
1119 1949 1184 2045 sit,
1217 1966 1254 2032 et
1288 1957 1499 2057 quibusnam
1534 1960 1771 2038 fundamentis

260 2081 397 2157 inuisus
427 2084 749 2179 superstruataroa,
781 2074 819 2149 iu
849 2075 979 2175 quibus
998 2076 1088 2151 vitae
1108 2076 1207 2152 sedes
1230 2085 1267 2153 et
1289 2078 1493 2155 eruditionis
1515 2082 1649 2180 possint
1669 2080 1772 2156 disei-

261 2200 337 2301 puli
366 2200 541 2275 oolloeara.
588 2198 715 2295 Neque
746 2194 812 2269 hoo
843 2195 984 2299 omnino
1017 2196 1093 2272 aine
1123 2221 1228 2273 eausa
1245 2197 1307 2274 vito
1343 2207 1461 2275 censet
1489 2226 1582 2277 uuus
1612 2209 1648 2277 et
1674 2202 1771 2277 alter.

262 2320 400 2417 Nempe
421 2318 547 2393 iisdem
566 2313 800 2415 temporibus,
825 2340 915 2414 quae
939 2315 1043 2391 verbo
1061 2317 1132 2392 iam
1153 2317 1274 2418 attigi,
1298 2320 1500 2396 eruditionis
1521 2322 1597 2398 laus
1616 2322 1662 2397 ad
1684 2346 1771 2420 peu·

264 2437 420 2514 oiaaimos
455 2434 651 2537 pertinebat
686 2442 722 2508 at
753 2433 799 2509 ad
831 2435 1057 2532 paucissima,
1088 2436 1139 2512 ita
1171 2445 1213 2513 ιιι
1241 2440 1450 2539 pergrandes
1475 2442 1644 2540 ouiusque
1670 2441 1772 2517 disei-

263 2557 379 2657 pliuoe
398 2563 514 2655 partes
530 2553 715 2629 abeodem
736 2553 876 2628 homine
898 2561 1115 2646 tenerentur,
1134 2580 1198 2632 neo
1217 2558 1333 2639 Prona
1355 2560 1413 2635 ille
1435 2563 1687 2650 Mraarrnonr,
1713 2530 1776 2661 qui

265 2700 303 2751 se
333 2678 377 2751 de
410 2675 500 2749 omni
533 2700 573 2750 re
604 2673 716 2749 esibili
745 2682 782 2749 et
810 2675 1076 2776 dexquibardom
1102 2677 1185 2751 alise
1207 2675 1382 2754 dicturum
1404 2680 1647 2779 profitebatur,
1672 2682 1779 2756 nimis

264 2794 538 2895 improbabiliter
570 2794 751 2869 ioonretur.
807 2794 1005 2871 Aooedebat
1030 2794 1067 2869 in
1091 2802 1189 2871 tanta
1211 2797 1392 2873 doctorum
1413 2800 1587 2898 paucitate
1609 2808 1644 2876 et
1665 2800 1777 2900 ipsius

265 2913 470 2991 eruditionis
502 2921 627 2989 nutura
664 2920 701 2987 et
730 2911 866 3001 indole,
902 2913 947 2986 de
984 2912 1148 2987 omnibus
1182 2912 1314 3012 aliquid
1344 2916 1623 3015 complectentis,
1653 2911 1806 3015 nempe'
1844 2966 1847 2978 «

267 3031 478 3132 poueisaima
497 3030 557 3105 illa
576 3038 661 3104 tune
680 3029 844 3129 temporis
855 3029 1010 3128 eognita,
1027 3029 1230 3118 nooodebot,
1254 3032 1419 3131 inquam,
1443 3033 1647 3133 opinionum
1670 3034 1781 3109 diver·

116 3156 120 3162 '
267 3153 354 3227 sitas
372 3156 409 3225 et
427 3150 635 3237 conamina,
654 3156 692 3223 et
708 3147 825 3223 studia
847 3147 962 3247 vulgi,
980 3148 1076 3247 qnod
1099 3148 1155 3223 vel
1177 3148 1280 3225 hodio
1301 3150 1479 3228 interdum
1503 3152 1547 3229 de
1568 3154 1783 3263 Ganuano,

266 3280 303 3346 et
332 3270 601 3357 Savoaaaom,
637 3268 932 3343 Omraannrve
961 3266 1061 3343 iuxta
1094 3292 1177 3343 oum
1201 3269 1431 3369 ignarissimis
1447 3296 1641 3360 securum,
1669 3296 1782 3347 unum

267 3389 333 3465 boo
364 3388 518 3489 quaerit,
549 3411 595 3462 an
630 3387 688 3462 ille
717 3386 877 3460 tellurem
904 3386 1035 3461 moveri
1062 3386 1238 3492 docuerit,
1269 3394 1305 3497 et
1324 3388 1499 3487 quomodo
1524 3389 1634 3489 ipsius
1660 3388 1780 3465 inven-

267 3519 348 3584 tum
378 3531 461 3582 oum
491 3504 608 3581 Libris
640 3504 754 3580 Sacris
774 3511 1016 3603 oomponator,
1039 3503 1095 3579 vel
1116 3528 1163 3579 an
1183 3505 1270 3580 altor
1295 3506 1496 3607 antiquitat
1516 3508 1782 3597 infestissimus,

200 3606 214 3615 ’
263 3628 356 3703 alter
388 3624 426 3701 iu
454 3624 600 3699 dominii
628 3622 907 3701 eommuuionem
934 3622 1006 3697 aire
1035 3625 1316 3715 maurimont,
1341 3651 1446 3726 quem
1471 3628 1611 3717 dieunt,
1636 3652 1782 3729 propen-

271 3747 341 3822 aior
371 3744 487 3846 luent.
544 3743 634 3819 Inde
669 3749 813 3832 natum,
843 3749 886 3817 ut
906 3741 1003 3842 quod
1032 3742 1126 3819 idem
1149 3743 1349 3821 etiamnunc
1373 3746 1448 3821 fieri
1469 3747 1575 3836 solet,
1599 3746 1699 3822 avide
1721 3748 1782 3822 ho-

270 3867 386 3942 minen
412 3864 652 3964 axpisoentnr,
676 3862 858 3938 cuiusnam
881 3862 1078 3962 nuperrima
1098 3862 1146 3937 ad
1166 3886 1296 3939 munus
1315 3866 1385 3940 sire
1400 3864 1630 3942 saeerdotium
1643 3866 1786 3966 aliquod

273 3984 427 4086 provecti
447 3982 619 4084 opinionis
643 4005 708 4057 nos
732 3982 977 4071 ostendamus,
1000 3990 1138 4071 utrum,
1163 3982 1397 4059 utleniasimo
1417 3966 1673 4079 nominentur,
1697 3988 1785 4061 anti·

273 4130 345 4206 qua
366 4102 478 4204 magia
497 4104 670 4193 oolamm,
694 4127 740 4182 on
759 4101 993 4179 reoeutisaima
1017 4102 1158 4201 quaevis
1178 4103 1439 4202 amplectemur.

322 4224 518 4324 Equidem,
551 4222 744 4312 auditores,
778 4246 894 4321 neque
927 4245 1017 4297 nora
1048 4221 1118 4297 buo
1152 4220 1277 4311 aliero,
1312 4246 1425 4321 neque
1454 4228 1578 4320 stupeo
1607 4221 1782 4313 obsoleta,

276 4335 402 4418 deiude
435 4350 606 4419 oratorem
642 4368 698 4420 me
733 4366 849 4446 neque
881 4342 962 4417 uolo
995 4365 1108 4441 noque
1140 4340 1254 4441 cupio.
1305 4342 1362 4416 Sin
1397 4341 1491 4417 enim
1525 4346 1687 4417 nostrum
1714 4342 1785 4419 iam

278 4486 420 4551 aevum,
445 4468 481 4537 et
505 4469 660 4539 mutatae
683 4470 880 4562 temporum
904 4460 1055 4537 rationes
1076 4458 1220 4549 iubent,
1244 4458 1313 4536 nisi
1336 4459 1427 4537 ultro
1450 4484 1579 4537 errores
1605 4468 1785 4539 sectemur.
1817 4452 1831 4477 ⁸

277 4580 402 4657 Dioam
457 4580 570 4659 lanius
598 4582 685 4682 quid
709 4582 822 4667 velim.
871 4582 954 4657 Non
977 4579 1202 4657 diremisaimo
1222 4587 1258 4655 et
1278 4578 1428 4665 larundo
1449 4578 1590 4657 homine
1608 4562 1709 4657 bonis
1730 4582 1786 4657 lit·

278 4698 362 4775 taris
388 4606 460 4775 iord
483 4725 573 4802 opus
594 4709 668 4793 est,
698 4702 762 4777 aed
785 4701 887 4777 docto
909 4708 945 4778 et
967 4708 1086 4791 aeoto,
1110 4700 1173 4801 qui
1200 4698 1306 4777 libros
1327 4706 1450 4777 noaoat
1470 4707 1505 4775 et
1527 4698 1701 4791 homines,
1727 4726 1787 4777 ue·

279 4841 350 4918 que
376 4844 492 4897 rerum
513 4821 695 4925 imperitus
718 4822 765 4898 sit
784 4828 848 4898 aot
871 4820 1109 4921 antiquitatis,
1132 4828 1195 4947 aot
1217 4818 1327 4901 nostri
1350 4818 1505 4921 ipsorum
1528 4819 1620 4912 aevi,
1649 4822 1789 4921 qualem
