4892 6184
914 695 1192 764 caurio.
1747 701 1812 768 131

285 907 321 974 et
343 898 533 975 arctissimo
555 899 709 998 quodam
732 925 826 976 nexu
845 905 1071 993 cohaerent,”
1099 905 1149 981 sic
1171 911 1266 980 certo
1288 905 1416 980 certius
1435 906 1569 982 nullam
1591 930 1666 980 esse
1688 907 1802 1004 Ency·
1835 929 1840 943 ·

284 1021 480 1120 elopaediae
500 1020 728 1121 Theologicae
749 1032 906 1122 partem,
931 1027 1030 1101 cuius
1050 1051 1131 1101 oum
1154 1025 1276 1100 ceteris
1293 1024 1400 1100 huius
1419 1027 1629 1127 Disciplinee
1645 1025 1804 1126 partibus

284 1164 354 1215 non
377 1136 571 1216 communis
593 1142 764 1240 quaedem
785 1144 831 1219 sit
856 1171 896 1220 ac
918 1147 1108 1222 necessaria
1128 1147 1298 1247 cognatio.

333 1262 384 1334 Ut
412 1285 492 1346 vero
520 1276 624 1338 nemo
658 1263 742 1338 haec
770 1289 792 1339 a
824 1291 881 1341 me
910 1267 1004 1342 dicta
1031 1268 1068 1341 in
1091 1293 1234 1343 sensum
1257 1291 1278 1342 a
1300 1289 1378 1342 mea
1400 1274 1516 1342 mente
1537 1265 1689 1342 alienum
1716 1268 1801 1342 ecci·

216 1475 219 1480 ¹
283 1382 377 1479 piat,
411 1383 497 1481 quid
529 1383 633 1457 velim
662 1385 767 1483 paulo
799 1387 992 1461 accuratius
1016 1387 1159 1462 definire
1180 1387 1289 1462 lubet.
1313 1427 1363 1442 -
1385 1388 1431 1460 Et
1452 1411 1533 1461 sane
1553 1386 1648 1464 haud
1671 1387 1804 1461 inficior

284 1502 460 1577 Historiae
480 1504 739 1579 Ecclesiastieae
757 1515 793 1580 et
813 1507 1020 1606 Theologiae
1034 1507 1179 1582 Moralis
1197 1503 1418 1605 disciplinas,
1445 1507 1599 1606 singulas
1610 1507 1657 1582 ad
1670 1501 1812 1581 scholae⁸

284 1621 499 1721 diligentiam
518 1630 679 1710 exactas,
706 1625 848 1723 suisque
867 1627 1026 1701 cancellis
1048 1627 1349 1724 circumscriptas,
1374 1627 1525 1702 diversas
1546 1628 1688 1702 omuino
1707 1652 1802 1726 spec·

283 1748 356 1815 tare
388 1743 594 1842 'l'heologiae
625 1750 763 1842 partes,
798 1745 954 1844 adeoque
987 1747 1024 1819 in
1056 1745 1182 1821 scholis
1205 1747 1348 1820 seorsim
1372 1771 1447 1821 esse
1471 1748 1676 1822 tractandas.
1727 1747 1806 1821 Hoc

283 1863 451 1937 duntaxat
489 1865 526 1937 iu
561 1870 679 1937 mente
711 1863 841 1952 habui,
876 1867 938 1940 has
960 1866 1167 1966 (theologiae
1195 1873 1310 1966 partes
1335 1865 1384 1940 ita
1407 1891 1483 1942 esse
1506 1874 1740 1966 comparatas,
1766 1877 1805 1940 ut

281 1981 388 2056 altera
419 1982 465 2057 ab
501 1982 609 2057 altera
636 1981 778 2058 minime
812 1986 858 2060 sit
885 1987 1017 2077 aliena,
1054 1989 1116 2061 sed
1138 1988 1255 2088 potius
1276 1994 1400 2060 mutuo
1420 1988 1573 2088 quodam
1591 1987 1805 2086 cognationis

280 2102 417 2176 vinculo
454 2102 525 2177 sint
557 2103 783 2191 coniunctae;
819 2106 868 2180 ita
891 2106 1034 2205 quidem
1061 2116 1102 2181 ut
1123 2134 1194 2184 une
1217 2108 1363 2184 alteram
1382 2108 1550 2196 illustret,
1575 2107 1681 2182 altera
1706 2107 1804 2182 alteri

281 2221 424 2294 mirifice
442 2221 551 2319 prosit
576 2228 681 2317 atque
702 2221 894 2320 opituletur
901 2257 913 2312 3
944 2225 1101 2324 adeoque
1122 2227 1160 2300 in
1184 2227 1366 2325 utriusque
1391 2228 1507 2302 studio
1527 2252 1643 2326 neque
1663 2227 1728 2300 hoc
1753 2228 1803 2301 illi

221 2396 228 2410 .
281 2365 357 2415 esse
382 2340 684 2440 anteponendum,
709 2366 823 2440 neque
845 2343 883 2417 in
907 2343 973 2419 hoc
992 2345 1095 2420 illove
1117 2346 1279 2445 segnius,
1310 2347 1372 2420 sed
1397 2348 1541 2452 omnino
1562 2347 1612 2422 ite
1630 2371 1705 2422 esse
1731 2372 1803 2420 ver·

281 2461 450 2549 sendum,
484 2468 525 2535 ut
554 2460 643 2535 illud
675 2459 780 2535 huius
811 2463 939 2538 auxilio
967 2489 1096 2564 magno
1118 2467 1192 2540 sine
1215 2467 1344 2542 damno
1365 2494 1479 2544 carere
1500 2492 1571 2543 non
1593 2493 1715 2568 posse,
1740 2468 1805 2542 hoc

281 2581 326 2655 ab
360 2582 421 2656 illo
450 2581 663 2679 permultum
694 2582 858 2679 praesidii
893 2590 998 2682 atque
1031 2587 1225 2660 ornamenti
1258 2589 1431 2676 mutuari,
1470 2588 1577 2688 probe
1612 2597 1803 2663 teneamus.

280 2701 388 2779 Quod
413 2699 476 2773 ubi
500 2699 800 2790 demonstravero,
821 2727 962 2803 operam
983 2730 1053 2780 non
1073 2705 1267 2804 perdidisse
1291 2707 1379 2782 mihi
1401 2705 1543 2782 videbor
1561 2707 1706 2806 probare
1731 2716 1802 2781 stu·

279 2821 365 2893 dens
384 2817 565 2894 Historiae
590 2823 856 2898 Ecclesiastico
876 2849 916 2898 ac
943 2826 1161 2901 Christianae
1181 2827 1326 2901 Etticea
1343 2827 1499 2902 studium
1519 2836 1611 2902 arcte
1632 2851 1706 2902 esse
1722 2851 1803 2900 con·

277 2940 504 3040 iungendum
556 2941 630 3014 Cur
659 2966 740 3016 vero
769 2943 876 3018 talem
906 2946 1088 3044 utriusque
1120 2946 1229 3021 studii
1263 2947 1541 3024 coniunctionem
1573 2949 1627 3022 la'a
1659 2950 1803 3022 moadme
1889 3010 1891 3016 ,

277 3064 396 3137 diebus
432 3062 522 3137 bene
557 3063 789 3138 animadverti
824 3065 1056 3164 omnibusque
1092 3067 1278 3166 Theologis
1310 3070 1364 3144 vel
1398 3067 1604 3167 Theologiae
1636 3067 1801 3142 studiosis

278 3207 379 3259 curae
404 3183 568 3282 cordique
592 3207 671 3259 esse
696 3184 800 3259 velim
823 3230 874 3246 -
897 3185 942 3259 de
967 3186 1031 3260 hoc
1054 3187 1280 3286 postmodum
1305 3213 1461 3288 agemus.

328 3662 433 3761 Agite
453 3662 573 3762 igitur,
593 3665 638 3738 A.
651 3663 695 3738 A.
709 3663 757 3740 H.
774 3663 828 3738 H!
855 3671 890 3738 et
912 3663 1063 3762 primum
1079 3663 1124 3736 de
1141 3661 1354 3764 Theologiae
1376 3666 1519 3742 Moralis
1539 3668 1584 3743 ad
1603 3665 1795 3742 Historiam

277 3782 552 3858 Ecclesiasticam
582 3784 671 3859 bene
705 3784 922 3859 tractandam
956 3789 1062 3880 atque
1094 3783 1334 3860 adhibendam
1371 3810 1438 3861 usu
1472 3796 1508 3862 et
1538 3787 1712 3863 fructibus
1746 3788 1794 3859 vi·

251 3903 444 3978 'deamusl
833 3891 838 3898 ’

326 4023 571 4099 Aretissimum
601 4023 708 4113 illud,
744 4025 839 4123 quod
871 4032 1056 4123 utramque
1091 4025 1312 4124 disciplinam
1349 4027 1555 4128 coniungat,
1592 4029 1796 4126 cognatonis

279 4145 473 4233 vinculum,
505 4145 576 4220 iam
601 4145 638 4218 in
663 4168 723 4233 ec,
758 4144 796 4220 ni
822 4145 942 4234 fallor,
966 4146 1136 4235 cernitur,
1161 4147 1259 4244 quod
1286 4148 1444 4248 utrique,
1470 4151 1500 4224 si
1518 4175 1591 4225 rem
1613 4151 1666 4224 ad.
1680 4150 1796 4223 vivum

278 4265 482 4354 resecueris,
518 4266 612 4340 idem
641 4289 715 4340 esse
740 4265 921 4340 consilium
948 4266 1107 4364 reperies.
1158 4267 1337 4344 Nimirum
1366 4271 1522 4346 Historia
1557 4269 1796 4344 Ecclesiastica

278 4385 367 4458 bene
399 4393 545 4460 tractata
577 4394 682 4487 atque
704 4386 878 4475 adhibita,
912 4411 1023 4486 aeque
1050 4411 1090 4460 ac
1123 4387 1311 4486 Theologia
1337 4389 1497 4478 Marulla,
1532 4413 1668 4464 morum
1697 4415 1794 4490 pree·

277 4505 429 4604 ceptris,
455 4507 543 4581 vitae
569 4531 648 4580 vere
671 4506 887 4592 Christianae
907 4508 1073 4608 magistra
1092 4507 1138 4582 sit
1162 4517 1308 4608 oportet.
1359 4511 1477 4610 Atque
1500 4511 1564 4585 hoc
1584 4510 1688 4609 paulo
1709 4509 1793 4584 ube·

277 4625 350 4700 rius
373 4626 542 4726 explicare
565 4627 685 4714 liceat!

325 4746 455 4846 Ecquis
465 4748 675 4823 Iitterarum
687 4749 869 4824 Sacrarum
883 4754 956 4823 tam
968 4747 1097 4824 inscius
1109 4755 1181 4838 eat,
1199 4755 1239 4824 ut
1250 4749 1385 4848 ignoret
1397 4751 1450 4826 vel
1462 4774 1588 4850 negare
1602 4751 1792 4840 sustineat,

277 4867 364 4944 Iaso
386 4868 570 4958 Cnursro,
591 4869 723 4967 optimc
741 4867 922 4944 hominum
942 4869 1199 4960 Conservatori,
1222 4895 1334 4970 quum
1357 4871 1561 4948 Societatem
1581 4871 1683 4947 hisin
1695 4873 1793 4948 terris

1478 4993 1552 5069 17*
