4892 6184
709 674 774 741 278
1308 676 1342 742 E.
1378 677 1406 743 J.
1440 676 1631 753 mut,

705 879 874 977 perituras
904 879 1092 955 informans
1120 878 1394 957 accuratissimaa
1423 882 1611 981 imagines,
1646 879 1760 956 vivido
1790 878 1902 956 colore
1929 880 2060 979 pinxit,
2087 882 2131 957 de
2156 908 2251 982 qno.

706 1024 809 1073 nemo
843 1024 913 1073 non
945 1005 1060 1097 potest
1091 1022 1167 1073 esse
1201 1000 1385 1090 sollicitus,
1423 1010 1459 1077 et
1492 1002 1599 1078 vitam
1634 1000 1807 1078 omnibus
1831 1001 2008 1090 futuram,
2047 1002 2221 1079 scelerato·

707 1141 855 1215 rumqne
883 1142 1011 1215 poenas
1034 1128 1070 1191 et
1094 1117 1201 1194 vitam
1225 1120 1424 1210 beatorum,
1455 1122 1639 1197 transitum
1663 1144 1764 1221 porro
1786 1145 1808 1196 a
1831 1106 1968 1197 miseria
1991 1122 2027 1208 iu
2051 1130 2222 1199 aeternam

704 1236 903 1311 felicitatem
934 1237 984 1312 ita
1012 1239 1211 1336 proposuit,
1240 1248 1280 1315 ut
1303 1241 1365 1339 qui
1387 1266 1548 1341 praesens
1574 1249 1700 1317 cuncta
1723 1240 1886 1330 vidisset,
1915 1241 1959 1315 de
1989 1222 2118 1339 qbibns
2139 1243 2220 1340 agit.

705 1355 830 1452 Neque
861 1354 1001 1453 ingenia
1030 1363 1168 1430 tantum
1191 1356 1381 1433 immensae
1409 1358 1513 1433 huius
1543 1366 1579 1433 et
1600 1358 1814 1457 Aeschyleae
1839 1359 2087 1459 magnitudinis
2109 1386 2222 1435 move-

684 1471 832 1551 bantur
846 1474 1000 1572 reliquiis
1020 1484 1192 1550 veterum:
1219 1477 1331 1551 dulcis
1356 1477 1414 1551 ille
1438 1478 1636 1553 Parnasos
1654 1503 1713 1553 aas
1727 1462 1944 1567 'adamabat
1971 1488 2011 1553 ut
2033 1504 2136 1555 nemo
2151 1506 2221 1555 ma·

701 1594 774 1693 gis;
810 1594 890 1669 hnic
927 1595 1044 1669 iuveni
1080 1595 1283 1692 lacrymanti
1318 1620 1456 1671 severus
1487 1606 1587 1696 pater
1619 1598 1854 1688 Crannonem,
1889 1598 1971 1673 huic
2012 1597 2221 1673 Vaanounrr

702 1714 850 1813 cripuit,
874 1722 910 1789 et
940 1716 1022 1814 igne
1045 1715 1227 1803 cremavit,
1259 1740 1348 1815 quae
1374 1724 1452 1814 post
1473 1717 1701 1792 Panarnoanr
1723 1742 1844 1793 omnes
1870 1718 2069 1793 etiamnunc
2097 1718 2221 1791 frustra

702 1834 874 1933 lugemus.
911 1836 986 1910 Nec
998 1834 1129 1911 Invrns
1147 1834 1323 1910 incassum
1349 1835 1538 1934 scripserat.
1589 1836 1696 1911 Hunc
1720 1844 1761 1912 ut
1784 1838 1928 1913 insanus
1949 1837 2006 1911 ille
2029 1838 2218 1911 Canroona

701 1941 771 2029 iam
804 1954 888 2030 olim
920 1955 1121 2043 damnarat,
1156 1955 1382 2054 negligebant
1413 1955 1567 2031 rudiores
1598 1956 1645 2031 ad
1675 1980 1786 2033 unum
1822 1981 1963 2044 omnes,
1988 1965 2025 2031 at
2058 1957 2219 2031 ultimum

702 2074 940 2151 Romanorum
968 2075 1213 2162 inflammavit,
1238 2075 1300 2173 qui
1323 2074 1503 2174 pristinam
1533 2084 1569 2150 et
1589 2076 1769 2152 Livianam
1793 2076 1889 2151 illam
1915 2078 2065 2151 Romam
2090 2078 2219 2151 instau-

700 2200 858 2283 raturus,
891 2194 971 2269 urbi
1002 2201 1039 2267 et
1058 2193 1135 2267 orbi
1160 2195 1405 2298 admirandum
1432 2220 1506 2269 sese
1535 2204 1571 2269 et
1601 2196 1701 2271 initia
1727 2196 1877 2271 melioris
1901 2196 1994 2285 aevi,
2019 2197 2217 2271 eorumdem

699 2312 837 2387 ruinam
861 2338 942 2389 mox
971 2313 1220 2413 deplorandam
1245 2314 1415 2412 praebuit.
1467 2316 1536 2389 Sed
1561 2340 1670 2414 pauca
1694 2315 1778 2391 baec
1804 2315 1921 2405 fuere,
1946 2339 2009 2391 nec
2032 2316 2117 2390 satis
2140 2340 2219 2390 eon·

699 2434 837 2521 iuncta3
873 2433 929 2508 hic
962 2433 1031 2507 illic
1062 2433 1195 2532 erupit,
1230 2436 1345 2535 qualia
1368 2435 1468 2511 loedo
1493 2460 1534 2509 eo
1560 2434 1750 2534 doloseque
1775 2436 1881 2511 cineri
1908 2442 2023 2511 essent
2045 2435 2220 2533 supposita

699 2552 845 2652 vestigia
863 2552 1070 2627 nobilissimi
1098 2554 1194 2642 aevi,
1223 2564 1260 2629 et
1286 2580 1392 2655 quam
1420 2557 1522 2655 longe
1542 2557 1658 2632 cultus
1689 2555 1796 2630 animi
1820 2555 1886 2630 sub
1909 2556 2069 2629 Parsiana
2090 2563 2127 2628 et
2146 2555 2217 2629 Au·

701 2696 834 2761 suano,
860 2681 941 2748 ante
963 2673 1257 2749 Pamoronrmua
1281 2676 1403 2750 saltem
1425 2684 1461 2749 et
1482 2676 1751 2763 Maroarannn,
1776 2674 2023 2749 somniantium
2045 2674 2114 2747 illis
2135 2674 2218 2747 Ger·

700 2816 880 2867 manorum
905 2786 1119 2893 temporibus
1137 2800 1173 2868 et
1188 2793 1393 2892 depravatae
1414 2794 1535 2871 Italiae
1555 2794 1773 2895 praestiterit.
1824 2794 1895 2869 Sed
1923 2793 1956 2867 vi
1979 2818 2135 2881 caruere,
2158 2819 2219 2869 nco

700 2911 835 2985 dudum
866 2914 950 2988 satis
981 2914 1180 3002 valuerunt,
1213 2921 1255 2989 ut
1278 2914 1528 3013 perfringerent
1554 2924 1769 3014 prementem
1798 2912 2002 2991 barbariem.
2053 2914 2218 3011 Require-

699 3029 823 3117 batur,
848 3041 889 3105 ut
912 3032 1029 3106 omnia
1052 3044 1308 3123 concurrerent,
1334 3042 1561 3109 ut'numerus
1584 3034 1765 3110 hominum
1791 3032 2033 3108 excellentium
2059 3033 2217 3120 idoneus,

699 3158 922 3247 promoturus
946 3151 1119 3226 doctrinas
1141 3153 1285 3227 maximi
1308 3154 1494 3244 momenti,
1520 3155 1624 3229 simul
1646 3152 1887 3229 instrumentis
1911 3154 1963 3227 uti
1985 3162 2119 3253 posset,
2144 3154 2218 3251 qui·

573 3304 578 3311 ·
703 3272 767 3343 bus
790 3270 950 3345 annitens
974 3296 1055 3346 cum
1076 3271 1199 3346 ceteris
1224 3273 1329 3347 etiam
1355 3280 1409 3348 sat
1434 3274 1502 3348 cito
1526 3276 1820 3350 communicarent
1840 3274 1979 3347 inventa
2001 3296 2075 3348 sua.

654 3397 657 3403 ‘
749 3388 875 3487 Neque
897 3390 983 3465 baec
1008 3415 1144 3491 semper
1167 3391 1364 3469 defuerunt.
1414 3394 1628 3469 Iamdudum
1648 3400 1843 3493 serpserunt
1863 3392 2023 3480 meliora,
2044 3400 2081 3467 et
2102 3392 2219 3467 laetior

699 3507 760 3581 lux
796 3508 1069 3585 subnascebatur
1103 3512 1272 3611 ingeniis;
1314 3511 1440 3587 deinde
1473 3512 1591 3601 licuit,
1623 3520 1692 3611 qrio
1724 3538 1788 3613 per
1819 3520 1873 3588 tot
1901 3513 2037 3589 saecula
2065 3522 2219 3588 caruerat

700 3636 812 3725 genus
844 3629 1059 3717 humanum,
1091 3639 1131 3704 ut
1155 3632 1327 3731 quidquid
1351 3632 1505 3720 dictum,
1531 3632 1703 3732 quidquid
1728 3633 1896 3732 scriptum
1920 3640 2027 3721 esset,
2051 3633 2090 3706 id
2112 3634 2218 3707 incre·

584 3766 588 3772 ·
701 3744 845 3820 dibilem
879 3749 916 3821 in
950 3750 1096 3823 modum
1128 3757 1164 3823 et
1196 3774 1380 3827 numerum
1415 3752 1575 3827 facillime
1608 3752 1896 3851 multiplicaretur
1926 3760 1961 3827 et
1992 3752 2030 3826 in
2061 3752 2217 3827 omnium

702 3889 827 3939 manns
861 3868 1070 3964 perveniret,
1096 3869 1196 3944 cuins
1221 3869 1335 3945 laudis
1359 3870 1470 3969 patria
1492 3878 1626 3961 nostra,
1653 3878 1694 3947 ut
1715 3872 1924 3961 multarum,
1948 3871 2124 3970 egregiam
2152 3872 2217 3947 sibi

704 3992 839 4081 partem
865 3986 1026 4061 vindicat.
1074 3988 1219 4062 Barbari
1243 3989 1395 4089 irrupere
1420 3990 1457 4064 in
1479 4015 1556 4065 eam
1584 3992 1721 4080 sedem,
1747 3992 1809 4066 ubi
1833 3992 2024 4067 litterarum
2046 3991 2218 4078 doctrina,

704 4101 771 4177 sibi
798 4103 917 4179 relicta
938 4129 1003 4179 nec
1024 4131 1105 4182 cum
1129 4130 1245 4181 rerum
1267 4109 1462 4207 cognitione
1486 4119 1522 4183 et
1544 4109 1772 4209 intelligentia
1792 4110 1992 4199 coniuncte,
2017 4108 2218 4209 turpissimo

701 4224 797 4299 senio
831 4224 1010 4301 sordebat:
1042 4233 1121 4302 tum
1150 4227 1276 4305 Musae
1303 4228 1510 4327 Byzantium
1539 4228 1725 4329 ingerunt,
1752 4230 1806 4304 vel
1833 4229 1948 4328 potios
1974 4237 2052 4305 tum
2075 4229 2215 4304 demum

698 4342 828 4418 iterum
857 4345 984 4420 Musae
1012 4346 1129 4438 luere,
1159 4354 1343 4447 postquam
1369 4350 1577 4447 Byzantium
1601 4350 1808 4437 evasissent,
1833 4356 1874 4424 ut
1897 4349 2052 4449 nympha
2075 4348 2218 4423 demum

700 4463 869 4561 pertracta
899 4465 1090 4565 papiliones
1120 4474 1321 4545 nascuntur.
1379 4468 1467 4543 Tota
1496 4455 1604 4568 igitur
1635 4472 1775 4567 Europa
1802 4468 1912 4567 sparsi
1938 4475 2042 4557 sunt,
2070 4467 2217 4565 quihus

700 4582 832 4659 litteras
850 4584 968 4682 ‘proba
997 4585 1248 4685 intelligerent,
1283 4594 1319 4661 et
1347 4586 1562 4663 avidissimos
1585 4588 1750 4665 invenere¹
1773 4587 1967 4676 auditores,
1993 4610 2214 4686 quorumse·

701 4703 847 4780 veriores
878 4704 924 4779 ad
952 4706 1141 4783 celsissima
1167 4714 1373 4805 argumente
1401 4706 1575 4797 conversi,
1601 4706 1837 4783 memorabilia
1865 4706 1933 4783 ista
1960 4705 2150 4781 certamina
2175 4705 2217 4779 de

701 4822 927 4920 religionibus
955 4824 1126 4916 excivere,
1159 4850 1249 4925 quae
1274 4826 1377 4903 hodie
1406 4835 1549 4904 eatenus
1574 4826 1695 4907 saltem
1718 4827 1884 4923 referam,
1916 4834 1957 4902 ut
1979 4832 2159 4903 revocetur
2181 4827 2217 4898 in
