4892 6184
693 681 757 750 206
1302 674 1599 744 tholeta

691 888 864 988 responsis
884 913 966 988 prae
987 887 1054 962 alia
1074 883 1204 984 placmt
1224 883 1369 975 Ordini3
1394 909 1458 960 nec
1477 891 1595 958 mmen
1614 888 1678 958 ant
1697 881 1743 958 ab
1758 879 1855 972 aliis,
1879 891 1943 960 ant
1960 885 2005 961 ab
2024 885 2080 960 his
2099 888 2203 987 scrip·

691 1007 826 1084 toribus
857 1006 1014 1107 quaestio
1047 1005 1091 1081 de
1113 1002 1290 1080 functione
1310 1005 1411 1080 lienis
1431 1027 1573 1104 prorsus
1597 1002 1711 1078 soluta
1736 1002 1882 1079 videtur.
1933 1005 2012 1082 Hac
2035 1005 2081 1080 de
2101 1031 2204 1084 cansa

685 1129 789 1222 9rdo
817 1128 935 1228 potins
968 1125 1220 1210 attendendum
1254 1125 1389 1200 sensuit
1420 1124 1468 1199 ad
1498 1123 1745 1223 praestantiam
1771 1123 1904 1222 ingenii
1938 1133 1975 1200 et
2008 1125 2135 1202 laboris
2167 1129 2205 1202 in

689 1248 863 1346 responsis
885 1247 1097 1334 elucentem,
1119 1268 1226 1343 quam
1250 1245 1297 1320 ad
1321 1244 1564 1344 disputationis
1589 1251 1753 1319 euentum
1774 1252 1810 1318 et
1832 1245 1949 1320 finem.

739 1367 881 1468 Apertis
900 1365 1074 1442 schedulis
1093 1365 1248 1442 constitit
1267 1365 1371 1464 primi
1391 1365 1548 1464 responsi
1563 1371 1739 1440 auctorem
1757 1389 1833 1440 esso
1850 1365 2058 1442 Anansrurr
2069 1367 2202 1456 Ssssa,

691 1513 711 1562 e
735 1513 827 1588 pago
855 1488 899 1562 de
921 1486 1005 1586 Rijp
1032 1486 1268 1574 Hollandum,
1291 1486 1388 1562 Med.
1409 1493 1445 1560 et
1465 1485 1594 1561 Philos.
1618 1485 1703 1558 Nat.
1724 1483 1762 1558 in
1782 1483 1838 1560 Ill.
1858 1485 2039 1560 Athenaeo
2062 1489 2201 1562 Amata·

690 1605 881 1684 lodamensi
904 1604 1036 1692 eund..
1061 1605 1124 1702 qui
1146 1603 1255 1703 igitur
1276 1628 1382 1680 amec
1404 1629 1550 1679 nummo
1573 1601 1749 1678 ornandus
1772 1613 1836 1680 est.

738 1725 893 1802 Alterius
928 1725 1083 1824 responsi
1114 1732 1290 1800 auctorem
1323 1749 1399 1802 esse
1428 1724 1544 1824 patuit
1564 1725 1737 1798 Goemnn
1763 1725 1965 1813 Surenas,
1990 1725 2199 1824 Harlingen·

692 1873 787 1952 sem,
817 1847 902 1923 Litt.
932 1845 1042 1920 Hum.
1073 1853 1109 1920 et
1133 1844 1231 1918 Med.
1256 1844 1367 1920 Cand.
1390 1845 1428 1919 in
1452 1843 1641 1922 Academia
1667 1844 1912 1945 Groningans,
1937 1846 2001 1944 qui
2024 1869 2136 1943 quum
2156 1847 2200 1921 ad

691 1991 864 2041 summam
881 1965 1020 2040 laudem
1044 1964 1199 2062 proxime
1218 1964 1394 2038 accederet
1417 1989 1603 2040 nummum
1625 1963 1769 2063 accipiet
1791 1973 2006 2064 argenteum.

737 2085 984 2184 Responsionis
1016 2084 1136 2159 tertiae
1171 2092 1347 2158 auctorem
1378 2109 1454 2160 asse
1487 2084 1650 2183 apparuit
1680 2086 1926 2161 Acarnanum
1955 2087 2198 2162 Psenamosis

689 2227 764 2280 vsu
783 2205 1039 2292 Wsannman,
1065 2193 1415 2291 Rotemdamensem,
1433 2204 1470 2278 in
1490 2203 1680 2280 Academia
1701 2203 1928 2282 Ultraicctina
1949 2206 2046 2282 Med.
2070 2205 2200 2298 cana,

689 2325 746 2400 cni
770 2325 997 2400 honorificum
1021 2324 1259 2399 testimoninm
1283 2324 1450 2400 tradetur.

1767 2469 1794 2531 1.
1804 2485 1866 2530 mr
1875 2469 2001 2542 DEEN,

1725 2573 1792 2633 ora
1812 2574 1841 2633 l.
1861 2579 1885 2634 t.
1904 2575 1939 2632 ad
1958 2571 2040 2632 actia

739 2798 831 2882 Ordo
851 2807 1124 2905 Disciplinarum
1150 2810 1482 2884 mathematicorum
1509 2815 1546 2883 et
1568 2807 1797 2905 Physicarcm
1816 2807 1863 2881 ad
1884 2803 2098 2905 quaestiones
2114 2831 2197 2905 pro·

684 2926 814 3024 positas
841 2950 953 3002 unum
978 2928 1083 3003 mcdo
1105 2951 1309 3029 responsum
1330 2929 1462 3028 accepit
1483 2927 1682 3026 etquidem
1701 2927 1747 3002 sd
1767 2925 2021 3026 quaestionem:
2055 2928 2194 3004 sQuae·

683 3045 772 3120 ritur
793 3045 989 3145 disquisitio
1012 3047 1191 3136 beania,
1223 3049 1365 3148 physica
1387 3056 1424 3122 et
1446 3049 1600 3124 chemica
1623 3047 1668 3122 de
1690 3048 1821 3147 amylo,
1844 3046 2003 3146 inprimis
2026 3052 2067 3120 ut
2088 3045 2196 3121 haim

682 3165 798 3264 origo,
824 3173 996 3242 structura
1018 3174 1054 3241 et
1074 3167 1185 3243 variae
1208 3168 1338 3268 species
1358 3170 1586 3244 innotescant.
1635 3169 1858 3267 Responsum
1877 3165 2031 3268 praemio
2053 3166 2193 3265 dignius

680 3285 892 3361 iudicabitur
915 3287 945 3361 si
968 3287 1126 3386 propriae
1149 3296 1307 3364 auctores
1329 3288 1583 3364 observationes
1607 3288 1812 3364 accedunt.''

729 3405 811 3482 Hoc
831 3431 1036 3508 responsum
1056 3407 1261 3508 inscriptum
1285 3409 1468 3484 lemmatcz
1495 3411 1566 3483 sAl
1583 3417 1653 3483 wat
1672 3411 1717 3482 de
1735 3415 1862 3482 natm
1874 3407 2024 3505 opleoert
2035 3407 2194 3481 aacdcon

679 3551 721 3598 ca
741 3553 801 3632 eea
819 3530 965 3628 proadrp
989 3529 1174 3604 oadmaoek
1195 3529 1447 3629 mmmdcp''
1473 3527 1599 3603 Ordini
1623 3525 1720 3602 haud
1741 3524 1882 3625 placuit.
1932 3523 2023 3598 Sunt
2050 3524 2191 3622 quidem

682 3647 849 3721 nonnulla
869 3648 952 3722 satis
976 3647 1065 3722 bene
1086 3648 1123 3722 in
1144 3648 1248 3723 hacce
1264 3648 1448 3748 scriptione
1463 3647 1659 3748 proposita,
1684 3646 1746 3720 sed
1765 3651 2011 3744 argumentum
2033 3643 2190 3719 universe

678 3765 786 3839 nimia
818 3765 954 3840 levitate
993 3774 1179 3842 tractatum
1212 3767 1359 3843 videtur.
1408 3766 1655 3844 Recentiorum
1680 3765 1772 3840 enim
1791 3771 1937 3840 naturse
1959 3769 2189 3838 scrutatorum

677 3907 780 3980 opera
809 3883 853 3957 de
880 3884 985 3982 amyli
1018 3886 1173 3986 origine,
1206 3895 1379 3962 structura
1402 3896 1438 3963 et
1461 3888 1563 3962 variis
1585 3885 1766 3985 speciebus
1789 3885 1919 3960 multas
1940 3909 2068 3982 eosque
2094 3908 2189 3983 egre·

676 4003 752 4099 gias
791 4001 969 4078 continent
1001 4004 1258 4104 disquisitiones
1292 4007 1421 4106 quihus
1457 4017 1493 4081 et
1524 4007 1562 4081 in
1591 4004 1752 4080 botanica
1781 4013 1819 4080 et
1844 4005 1881 4078 in
1905 4003 2068 4078 chemica'
2083 4003 2190 4077 huius

675 4121 872 4220 argumenti
900 4129 998 4220 parte
1026 4124 1173 4224 scriptor
1193 4127 1247 4200 nti
1267 4128 1438 4227 potuisset
1459 4128 1504 4203 ad
1524 4125 1730 4202 illustranda
1749 4151 1791 4200 ea
1812 4149 1902 4224 quae
1927 4130 2031 4197 antea
2055 4123 2121 4197 hac
2144 4123 2189 4196 de

674 4264 712 4314 re
742 4241 887 4341 probata
920 4241 1067 4319 fucrant.
1118 4245 1196 4320 Hoc
1229 4271 1308 4320 vero
1341 4271 1411 4322 non
1440 4246 1531 4323 fecit.
1582 4247 1698 4322 Pauca
1729 4244 1833 4319 modo
1865 4267 1909 4317 ex
1938 4266 2008 4316 uno
2039 4241 2189 4316 alterove

675 4359 838 4459 scriptore
858 4367 893 4434 et
914 4359 999 4468 hacc
1021 4361 1164 4459 qnidam
1186 4387 1312 4462 parum
1333 4372 1490 4440 accurate
1514 4363 1673 4464 collegit,
1695 4365 1757 4440 sed
1777 4387 1853 4438 rem
1872 4362 1986 4460 ipsam
2004 4362 2182 4459 haudqua-

674 4503 779 4577 quam
812 4473 973 4556 funditus
1008 4481 1184 4570 tractavit3
1218 4484 1445 4583 quamobrem
1481 4485 1577 4561 Ordo
1615 4485 1749 4560 auctori
1790 4483 1895 4558 huius
1935 4481 2185 4558 dissertationis

674 4600 866 4698 praemium
892 4601 1072 4701 designare
1096 4627 1167 4678 non
1191 4605 1315 4703 potuit.

1695 4747 1744 4811 w.
1762 4748 1800 4809 a
1818 4727 2048 4819 emanans,

1733 4860 2007 4926 ordlasbocta'a
