4892 6184
691 655 769 750 re¹
1221 682 1255 750 r.
1297 682 1337 751 c.
1377 681 1677 755 urrunnu

693 888 990 966 Wrrrnrsscnrr
1026 913 1110 965 usus
1144 895 1199 964 est
1229 913 1303 966 non¹
1333 891 1447 972 solum
1479 890 1718 980 institutione,
1747 887 1811 964 sed
1832 885 1937 964 etiarn
1962 884 2213 964 familiaritate:

692 1011 844 1112 optimae
868 1011 962 1085 enim
989 1010 1063 1111 spei
1085 1007 1222 1086 iuvenis
1242 1034 1264 1087 a
1286 1007 1592 1086 Wrruursscrrro
1620 1033 1691 1083 non
1719 1008 1852 1096 solum,
1877 1007 1939 1081 sed
1962 1005 2068 1082 etiam
2088 1031 2110 1082 a
2127 1003 2214 1081 Viro

692 1131 892 1216 Clarissimo
912 1131 1141 1208 Hrrrnouruo
1169 1153 1218 1204 on
1241 1129 1368 1206 Boscu
1391 1128 1521 1228 dignum
1540 1136 1595 1204 est
1613 1126 1776 1218 bnbitua,
1801 1151 1907 1226 quem
1931 1124 2122 1204 amicorum
2146 1151 2212 1202 nu·

689 1273 785 1327 mero
806 1250 1049 1327 adscriberent.

739 1369 848 1446 Hisce
893 1369 1043 1445 ducibus
1087 1367 1256 1445 solidioris
1287 1367 1462 1445 doctrinae
1495 1367 1607 1442 firmis
1639 1367 1738 1443 iactis
1769 1363 2007 1442 fundamentis
2037 1366 2075 1440 in
2109 1367 2211 1441 semi·

690 1490 787 1566 nario
819 1488 1186 1592 Teleiobaptistarum,
1220 1489 1316 1588 quod
1352 1488 1390 1563 in
1420 1488 1543 1564 eadem
1573 1489 1660 1563 urbo
1692 1486 1812 1578 floret,
1847 1485 2040 1586 theologiae
2071 1510 2213 1585 operam
2256 1563 2268 1578 ,

690 1611 771 1684 dare
807 1609 937 1710 coepit,
972 1635 1013 1684 eo
1042 1608 1199 1684 omnium
1232 1608 1357 1684 virium
1387 1607 1580 1685 intentione
1618 1630 1761 1707 pergere
1793 1613 1959 1696 conatus,
1990 1613 2032 1680 ut
2066 1604 2212 1682 idoneus

689 1729 875 1829 aliquando
896 1729 991 1804 verbi
1014 1730 1122 1803 drvrnr
1144 1736 1314 1827 interpres
1337 1728 1506 1804 evaderet.
1844 1796 1847 1804 .
2265 1741 2269 1747 '

742 1850 787 1923 Iu
821 1849 945 1924 studiis
978 1848 1179 1949 theologicis
1203 1874 1315 1949 quum
1345 1850 1497 1925 virorum
1529 1846 1829 1936 Clarissimorum,
1864 1845 2115 1936 Hussuurrsu,
2133 1845 2210 1920 Ko-

693 1992 915 2046 uruuusune
947 1976 983 2046 et
1008 1992 1080 2044 vsu
1107 1969 1272 2044 Hsunnr
1296 1969 1436 2070 egregio
1458 1968 1677 2044 institutione
1697 1965 1841 2040 mirifice
1867 1964 2110 2054 adiuvaretur,
2132 1973 2212 2040 tum

690 2087 755 2162 hoc
781 2089 815 2162 ei
843 2087 1081 2162 felicissimum
1106 2088 1475 2188 exoptatissimumque
1499 2087 1654 2175 exstitit,
1686 2086 1782 2185 quod
1815 2085 1917 2160 firmo
1948 2084 2119 2161 amicitiae
2154 2092 2212 2180 (ex

690 2208 812 2284 eodem
844 2209 1020 2284 literarum
1053 2207 1306 2307 elegantiarum
1334 2233 1451 2282 amore
1481 2207 1770 2307 ingeniorumque
1794 2205 1906 2305 pulcri
1928 2205 2081 2305 bonique
2106 2195 2220 2281 sensu

689 2327 905 2402 imbutorum
930 2326 1097 2401 affinitate
1121 2327 1274 2426 quadem
1300 2333 1417 2421 ustae)
1445 2327 1583 2402 vinculo
1602 2325 1879 2424 coniungebotur
1898 2349 1980 2400 cum
1999 2325 2101 2416 viris,
2125 2350 2210 2424 quo·

688 2473 767 2522 rum
788 2447 927 2546 egregie
947 2447 991 2520 de
1009 2446 1134 2520 litteris
1158 2445 1279 2544 patriis
1298 2447 1422 2521 merita
1441 2447 1553 2546 patria
1573 2453 1672 2546 grato
1692 2445 1809 2521 auimo
1831 2445 1969 2534 recolit,
1993 2446 2124 2543 quique
2146 2470 2211 2522 suo

690 2566 840 2665 quisque
860 2565 935 2640 loco
957 2564 1168 2640 celeberrimi
1182 2572 1265 2640 sunt
1282 2564 1383 2656 iacti,
1400 2565 1615 2641 Κιιιιιιιιιιιι
1637 2565 1734 2653 dico,
1758 2566 1938 2640 Dsrrumr
1949 2565 2117 2640 Iscosmr
2132 2589 2210 2640 rurs

688 2685 857 2772 Lsuusr,
882 2684 1007 2760 Issou
1030 2706 1101 2758 rur
1120 2684 1266 2775 Barrrx,
1290 2683 1412 2761 tratres
1441 2710 1490 2762 on
1510 2686 1638 2763 Vsrrra.
1681 2685 1766 2762 Illos
1784 2685 1981 2763 nominasse
1999 2684 2144 2772 sufficit,
2167 2691 2211 2758 ut

688 2805 913 2880 manifestum
933 2804 996 2880 fiat
1011 2803 1098 2902 quid
1118 2803 1412 2882 Smouusnurrros
1424 2829 1450 2896 ‚e
1470 2805 1593 2883 talium
1610 2805 1762 2880 virorum
1781 2804 2013 2880 familiaritate
2032 2804 2209 2881 fructuum

686 2923 886 3025 perceperit.
2302 3016 2307 3027 ⁴

738 3045 857 3144 Atque
879 3069 960 3121 eum
983 3047 1298 3141 Smcursrrmrros,
1322 3077 1393 3151 quo
1412 3059 1568 3151 tempore
1591 3046 1846 3125 Amstelodami
1868 3047 2063 3122 studiorum
2082 3045 2209 3120 fecerat

690 3163 862 3255 tirocinia,
897 3191 934 3241 se
968 3167 1204 3267 praestiterat,
1242 3177 1282 3245 ut
1312 3173 1504 3247 multorum
1536 3169 1653 3246 oculos
1686 3167 1724 3242 in
1754 3193 1792 3242 se
1820 3173 2052 3255 converteret,
2085 3165 2209 3264 quiet

690 3285 885 3361 universam
916 3286 1143 3362 adolescentis
1177 3289 1285 3364 vitam
1316 3289 1459 3364 mirifice
1481 3287 1695 3388 probabant,
1725 3291 1761 3359 et
1784 3285 2045 3362 admirabantur
2071 3308 2208 3365 morum

692 3404 920 3504 elegantiam,
958 3407 1191 3505 eloquentiam
1224 3416 1260 3483 et
1292 3409 1503 3510 singularem
1537 3433 1607 3508 qua
1637 3407 1708 3482 iam
1745 3414 1823 3482 tum
1856 3406 2045 3482 excellebat
2068 3404 2207 3504 linguae

689 3524 938 3600 Neerlandicee
962 3527 1151 3604 scientiam.
1204 3530 1305 3608 Quae
1335 3529 1473 3629 singulo
1506 3553 1618 3628 quum
1639 3525 1735 3602 verbi
1757 3525 1866 3601 divini
1886 3527 2005 3601 futuro
2028 3524 2208 3623 interpreti

690 3668 845 3719 summae
869 3644 939 3719 sint
959 3645 1056 3720 laudi
1081 3647 1292 3748 egregioque
1318 3655 1539 3737 ornamento,
1563 3647 1651 3722 nihil
1671 3653 1724 3722 est
1749 3647 1844 3745 quod
1865 3646 2031 3722 miremur
2053 3646 2205 3720 Suroru-

688 3783 816 3835 sunum
850 3786 977 3840 noman
1012 3765 1109 3838 brevi
1139 3769 1190 3841 ita
1220 3769 1439 3858 inclaruisse,
1473 3778 1514 3844 ut
1547 3767 1643 3844 haud
1674 3767 1724 3842 ite
1748 3767 1859 3842 multo
1888 3775 1968 3866 post
2000 3765 2117 3841 studia
2140 3763 2205 3839 rite
2227 3828 2233 3837 ,

566 3883 567 3888 ’
688 3880 847 3978 absoluta
892 3881 1107 3957 Doccumem
1154 3886 1339 3960 arcessitus
1381 3890 1426 3961 sit
1472 3889 1568 3963 verbi
1610 3886 1731 3963 Diviui
1776 3886 1814 3960 in
1860 3885 2205 3986 Teleiobaptisterum

690 3999 844 4073 Ecclesia
866 3999 1044 4089 minister;
1069 4026 1139 4101 qua
1161 4003 1199 4077 in
1222 4004 1369 4080 statione
1391 4007 1562 4106 perduco
1586 4031 1694 4082 annos
1722 4007 1867 4096 mansit;
1890 4048 1943 4066 -
1956 4005 2030 4085 ,viri
2049 4005 2142 4095 enim
2166 4004 2204 4077 in

692 4118 766 4192 dies
789 4125 891 4193 aucta
912 4117 1005 4194 lame
1028 4127 1064 4196 et
1083 4122 1355 4215 existimatione,
1388 4127 1434 4201 ad
1457 4127 1578 4202 altiora
1601 4135 1761 4202 evocatus
1782 4127 1874 4201 etin
1894 4149 2033 4202 erenum
2061 4124 2203 4200 descen-

690 4237 771 4312 dere
794 4238 911 4312 iussus
933 4246 1005 4330 est,
1036 4241 1074 4316 in
1099 4266 1168 4341 qua
1192 4247 1356 4345 perpauci
1379 4246 1493 4322 adbuc
1522 4246 1729 4346 gladiatores
1759 4245 1891 4320 roboris
1915 4246 1971 4320 sui
1991 4252 2096 4344 atque
2120 4269 2202 4344 pru-

688 4359 825 4434 dentiae
857 4357 1010 4457 perieule
1042 4361 1202 4439 fecerant.
1261 4366 1403 4442 Etenim
1433 4367 1507 4467 jam
1539 4366 1602 4442 diu
1629 4373 1702 4441 eret
1731 4391 1775 4442 ex
1797 4391 1869 4465 quo
1891 4365 2060 4441 doctiores
2082 4388 2202 4440 omnes

687 4477 924 4552 intellexerant
951 4477 1137 4554 desiderari
1159 4480 1197 4556 in
1218 4483 1408 4559 Academia
1428 4483 1592 4574 Leidensi
1618 4484 1813 4576 doctorem,
1838 4485 1902 4585 qui
1922 4485 2107 4561 iuvenibus
2131 4485 2201 4560 elo·

688 4594 851 4693 quentiae
876 4595 1122 4674 Nearlandicae
1143 4612 1326 4704 praecepta
1353 4605 1520 4695 truderet,
1549 4603 1612 4703 qui
1635 4605 1804 4695 Batavos,
1829 4605 1958 4705 quibus
1974 4605 2099 4682 lutino
2118 4603 2200 4678 scri·

685 4714 851 4791 bentibus
882 4715 1014 4814 primae
1045 4717 1144 4795 lacile
1178 4722 1412 4815 deferrentur,
1444 4724 1582 4800 doceret
1608 4724 1720 4826 putrio
1748 4750 1904 4802 sermone
1937 4725 2105 4801 concinne
2130 4723 2199 4800 ele·

685 4843 876 4936 ganterque
895 4842 931 4912 et
953 4834 1100 4916 scribere
1127 4847 1162 4916 et
1182 4841 1289 4943 loqui.
1338 4842 1517 4924 indelessa
1542 4844 1619 4921 Viri
1645 4845 1863 4946 Amplissimi
1890 4844 2100 4922 husonum
2124 4864 2198 4920 vsu
