4892 6184
854 689 1154 773 ·oaru1u
1712 702 1777 773 rm

262 937 284 990 a
325 909 533 990 doctissimis
571 908 856 1011 peritissimisqua
894 912 976 987 viris
1010 911 1081 987 iam
1119 911 1157 987 in
1190 911 1257 987 hac
1295 910 1406 984 classe
1442 908 1638 1012 propositae
1670 915 1776 1008 atque

262 1041 428 1111 amane
452 1032 532 1108 sint.
1337 1074 1339 1077 -

297 1151 489 1251 'Superiori
516 1174 608 1227 anno
634 1151 763 1228 Rector
787 1152 998 1253 Magnificus
1019 1152 1074 1227 tui
1100 1150 1311 1228 mentionem
1337 1148 1439 1240 fecit,
1470 1148 1612 1250 Collega
1632 1150 1776 1226 coniun-

261 1269 416 1347 ctissimo
449 1269 649 1346 Horsrann
684 1293 733 1346 nn
765 1272 914 1348 Gaoori
940 1295 1052 1372 quum
1076 1276 1283 1346 memoraret
1304 1292 1342 1344 se
1366 1275 1403 1344 te
1427 1269 1552 1346 adiisse
1578 1276 1620 1346 ut
1640 1270 1708 1345 tihi
1732 1269 1776 1344 de

263 1391 320 1468 die
358 1397 456 1467 'sexto
491 1392 621 1468 mensis
656 1391 777 1469 Martii
807 1392 1057 1492 gratularetur,
1088 1389 1218 1490 quippe
1252 1413 1324 1489 quo
1355 1389 1507 1490 suscepti
1538 1396 1620 1465 ante
1653 1389 1778 1492 viginti

262 1509 419 1611 quinque
454 1535 563 1588 sunus
592 1511 745 1587 muueris
778 1510 973 1610 professorii
1005 1509 1208 1584 memoriam
1238 1507 1437 1585 celebrares.
1487 1509 1544 1583 Tu
1572 1508 1648 1584 dies
1669 1508 1776 1585 festos
1827 1550 1836 1563 ,

262 1653 366 1730 agere
393 1629 481 1708 soles
509 1638 572 1706 tuo
602 1655 721 1718 more,
755 1629 807 1704 mi
833 1629 972 1704 Gnorrl
1004 1628 1157 1728 primum
1182 1626 1382 1703 domicum
1408 1627 1502 1718 tuis,
1526 1627 1571 1703 ad
1591 1652 1679 1728 quos
1699 1653 1779 1728 per·

262 1749 393 1826 multos
410 1748 535 1824 referre
554 1755 673 1847 potes,
698 1770 835 1823 summa
853 1753 894 1822 ut
912 1747 1044 1822 Christi
1061 1745 1271 1846 discipulum
1293 1746 1391 1822 decet
1407 1746 1537 1847 pietate
1557 1753 1663 1846 atque
1678 1747 1780 1824 hilari

263 1867 369 1944 simul
399 1867 515 1943 animo
544 1867 606 1967 qui
635 1891 693 1943 ore
717 1873 753 1942 et
772 1866 873 1942 vultu
892 1872 1014 1966 sponte
1039 1889 1114 1941 sese
1135 1865 1269 1967 prodit:
1302 1873 1426 1965 postea
1446 1865 1585 1965 publice
1604 1891 1674 1942 non
1700 1875 1777 1942 tan·

261 1996 339 2063 tum
365 2009 447 2064 oum
466 1985 671 2063 absentibus
693 1985 814 2062 amicis
835 1993 941 2086 atque
962 1983 1161 2086 discipulis,
1184 1985 1437 2061 verumetiam
1461 2010 1543 2061 cum
1563 1985 1607 2060 iis
1627 2011 1778 2086 quornm

260 2107 404 2184 nomina
423 2105 490 2182 tibi
511 2106 688 2206 incognita
704 2114 794 2184 ,sunt
817 2112 922 2203 atque
944 2128 1111 2179 uumerus
1134 2103 1293 2179 infinitus
1315 2112 1387 2194 est,
1411 2105 1576 2204 quoniam
1599 2129 1665 2182 nec
1686 2107 1776 2182 Aca·

262 2225 456 2302 demiarum
478 2250 544 2300 nec
565 2225 697 2324 patriae
725 2248 839 2324 neque
864 2224 987 2299 aetatis
1009 2249 1080 2324 qua
1102 2222 1252 2298 vivimus
1273 2224 1385 2323 spatio
1406 2223 1637 2301 continentur.
1671 2226 1779 2305 Quod

262 2344 318 2420 his
339 2344 427 2445 ipsis
452 2343 577 2421 diebus
596 2368 718 2422 rursus
738 2343 898 2444 apparuit
919 2368 963 2419 ax
985 2349 1048 2420 tuo
1066 2341 1112 2418 ad
1131 2341 1296 2444 pristinos
1318 2349 1354 2418 et
1375 2351 1573 2444 praesentes
1591 2343 1780 2444 discipulos

157 2467 168 2536 '.
263 2463 426 2564 alloquio.
475 2464 600 2563 Itaque
628 2462 781 2564 egotibi
802 2462 907 2538 hodia
930 2462 974 2538 de
998 2461 1063 2539 hoc
1086 2487 1189 2562 opere
1214 2461 1309 2538 edito
1333 2461 1506 2563 gratulor,
1530 2463 1662 2564 quippe
1684 2465 1782 2564 qnod

262 2607 343 2661 cum
366 2582 551 2684 superioris
573 2584 656 2661 suni
677 2583 767 2659 fastu
789 2582 930 2683 ponitus
949 2583 1173 2658 coniunctum
1193 2581 1239 2657 sit
1257 2581 1402 2682 eiusque
1423 2582 1530 2657 veluti
1547 2583 1781 2684 complemen-

264 2709 343 2778 tum
367 2702 436 2780 dici
459 2702 586 2801 possit,
617 2703 737 2778 addito
758 2727 802 2779 ex
824 2691 949 2779 intimo
972 2709 1109 2801 pectore
1131 2706 1229 2777 voto:
1263 2701 1367 2776 Ferit
1387 2701 1485 2778 Deua
1504 2708 1546 2777 ut
1562 2723 1625 2802 per
1650 2703 1780 2805 multos
1824 2723 1836 2741 ·

265 2821 371 2898 etiam
404 2845 514 2902 annos
548 2813 818 2922 vcgou‘mente
847 2827 883 2896 et
913 2843 998 2898 sano
1030 2843 1171 2918 corpore
1201 2818 1343 2910 domu,
1374 2819 1602 2913 Academiae,
1625 2823 1781 2923 patriae,

262 2940 423 3018 scelerae
450 2939 581 3018 Christi
608 2943 770 3018 serveris!
1336 2967 1339 2974 ·
1488 3026 1494 3038 ,

313 3061 598 3161 Peropportunns
628 3063 792 3164 orationis
824 3087 925 3173 meae
946 3091 968 3141 a
991 3066 1137 3156 Gnouro
1159 3065 1305 3164 eiusque
1327 3063 1444 3139 labore
1465 3064 1632 3141 transitus
1650 3064 1697 3141 ad
1720 3088 1780 3140 vos

265 3184 338 3270 est,
374 3179 522 3257 Iuvenes
556 3181 790 3273 dilectissimi,
823 3183 1033 3262 Academiae
1062 3191 1198 3261 nostrae
1218 3184 1328 3261 oivasl
1367 3183 1439 3260 Hic
1467 3183 1582 3274 anim,
1609 3207 1781 3284 quaenam

202 3333 204 3338 ·
265 3319 345 3373 vera
379 3296 425 3372 sit
452 3299 682 3376 Academicos
709 3301 940 3378 iustitutionis
967 3311 1113 3392 natura,
1146 3327 1319 3402 quaepam
1342 3301 1424 3377 iude
1448 3326 1511 3402 per
1535 3308 1646 3377 tutem
1674 3302 1781 3376 vitam

265 3423 502 3518 praeceptores
527 3419 619 3494 inter
649 3444 839 3520 eorumque
859 3411 1048 3522 discipulos
1070 3429 1192 3520 sponte
1212 3421 1295 3498 oriri
1314 3421 1447 3496 soleant
1470 3419 1642 3496 amicitiae
1662 3443 1781 3494 neces-

266 3536 455 3627 situdines,
488 3538 538 3613 ita
572 3539 750 3640 perspexit
780 3548 822 3615 nt
852 3565 956 3615 nemo
978 3540 1111 3638 magis,
1143 3547 1251 3637 atque
1271 3539 1310 3614 in
1332 3539 1399 3614 hoc
1424 3562 1531 3650 quem
1552 3539 1658 3614 modo
1679 3539 1804 3650 attuli·
1878 3639 1882 3646 ι

266 3654 355 3730 libro
388 3655 439 3731 ita
467 3657 655 3756 expressit,
689 3668 729 3733 ut
756 3658 813 3734 hie
844 3657 982 3759 egregie
1017 3664 1235 3759 comparatus
1259 3657 1305 3733 sit
1327 3658 1373 3733 ad
1399 3657 1532 3758 pulcri,
1555 3656 1646 3747 reri,
1671 3658 1782 3735 macti

200 3803 202 3808 ·
266 3797 409 3851 sensum
433 3782 668 3876 mutuamque
690 3777 782 3860 iuter
806 3777 991 3877 magistros
1019 3787 1125 3878 atque
1151 3777 1304 3853 iuniores
1330 3801 1451 3853 eorum
1477 3776 1606 3854 amoos
1628 3801 1782 3854 amorem

268 3891 511 3985 exeundum,
536 3895 720 3986 alendum,
744 3897 993 3988 excolendum,
1017 3896 1277 3998 perficiendum.
1328 3896 1470 3976 Quibus
1487 3896 1639 3996 proiecto
1656 3896 1783 3972 studiis

268 4013 299 4088 si
333 4013 403 4089 vita
431 4014 641 4092 Academica
670 4016 863 4106 animetur,
899 4016 986 4116 quid
1016 4017 1158 4094 undem
1192 4017 1333 4092 suavius
1367 4016 1615 4115 praeclariusva
1645 4016 1781 4116 totique
1811 4099 1814 4104 ,

267 4133 399 4212 civitati
431 4144 537 4235 utque
567 4137 776 4213 humanitati
795 4136 1018 4213 dructuosius
1047 4137 1191 4238 eogitari
1221 4137 1362 4236 potest?
1394 4135 1502 4235 Agite
1526 4135 1652 4234 igitur,
1675 4135 1779 4211 caris·

269 4251 348 4328 simi
380 4254 631 4332 adolescentes!
668 4257 799 4358 regium
830 4256 919 4333 bauo
952 4256 1099 4333 docendi
1134 4257 1358 4356 discendique
1396 4255 1488 4332 viam
1525 4279 1712 4354 sequamur
1743 4265 1780 4330 et
1862 4301 1865 4307 ·

267 4376 533 4472 persequamur!
567 4377 699 4477 Magna
719 4376 935 4453 observantia
954 4385 990 4453 et
1009 4377 1215 4454 verecundia
1233 4376 1299 4453 hoo
1319 4400 1411 4452 anno
1427 4375 1611 4475 magistros
1626 4374 1781 4452 coluistis

270 4490 564 4595 magistratusque
583 4495 654 4572 moi
672 4521 761 4572 onus
782 4496 868 4573 adeo
890 4497 963 4572 lave
985 4497 1185 4574 reddidistis
1207 4505 1248 4573 ut
1272 4497 1337 4572 hoc
1358 4495 1500 4571 nomina
1521 4521 1567 4571 na
1588 4519 1680 4572 onus
1701 4495 1780 4596 qui·

269 4608 349 4686 dem
381 4610 487 4689 fuerit
517 4613 580 4690 sed
601 4615 864 4692 'iucundissima
895 4617 1012 4716 potins
1042 4617 1175 4694 occasio
1207 4617 1324 4716 plures
1352 4618 1503 4716 optimae
1533 4616 1608 4715 spei
1637 4616 1781 4693 iuvenes

269 4731 519 4830 cognoscendi,
540 4733 603 4834 qui
617 4736 837 4836 caeteroquin
856 4735 944 4811 mihi
962 4735 1107 4813 fortasse
1128 4736 1241 4837 ignoti
1258 4737 1475 4814 mansissent.
1502 4735 1592 4812 Vere
1611 4736 1782 4812 affirmare

271 4869 435 4947 mesum,
463 4875 584 4952 paoem
614 4849 864 4932 Academicum
889 4861 929 4932 ut
955 4855 1054 4934 decet
1080 4879 1142 4957 per
1164 4860 1282 4934 totum
1306 4856 1371 4936 hoa
1395 4864 1534 4957 tempus
1557 4857 1654 4936 nullo
1679 4856 1783 4934 horas
