4892 6184
637 668 645 683 '
711 678 778 747 eoa
867 647 872 653 ’
1311 680 1347 745 n.
1376 662 1410 745 ἰ.
1445 678 1635 755 uranu,

713 885 824 961 maior
852 886 924 962 lere
948 906 1116 981 numerus
1143 881 1394 984 disciprnlcrnm
1425 884 1531 961 huim
1561 884 1696 963 scholae
1723 882 1916 973 incumbit,
1938 885 1989 961 ita
2012 884 2102 961 illud
2122 884 2221 961 etism

558 1036 563 1046 ·
713 1030 873 1081 exemere
902 1014 939 1080 et
969 1002 1122 1079 didicisti
1151 1010 1188 1079 et
1216 1004 1325 1095 soles,
1359 1012 1401 1079 ut
1429 1006 1581 1082 rationes
1608 1005 1764 1104 inqunaa
1788 1012 1825 1079 et
1847 1014 2073 1106 argumenta,
2098 1005 2237 1117 quillus.

711 1148 792 1201 vere
820 1132 858 1199 et
888 1148 1001 1223 aequa
1032 1122 1162 1199 iudicia
1184 1122 1398 1213 innituntur,
1424 1125 1474 1201 ila
1503 1133 1544 1201 ut
1568 1126 1705 1201 nullum
1734 1125 1806 1201 iam
1830 1126 1877 1200 sit
1903 1126 2117 1225 pemenlum,
2147 1132 2227 1199 uta

711 1244 827 1321 nescio
860 1252 915 1333 te,
948 1244 1004 1319 vel
1034 1243 1216 1341 imperito,
1249 1243 1303 1320 vel
1334 1244 1485 1344 denique
1514 1245 1735 1346 imprudente
1758 1247 1822 1321 fiat
1849 1246 1893 1321 de
1915 1246 2018 1322 nobie
2039 1244 2226 1333 indicium,

711 1389 753 1439 eo
775 1365 913 1454 miuus,
941 1364 1037 1463 quod
1057 1362 1123 1438 tibi
1145 1386 1276 1439 munus
1295 1362 1423 1439 diserte
1447 1363 1493 1439 sit
1518 1364 1707 1452 traditum,
1732 1370 1774 1438 ut
1793 1362 1966 1439 Athenaei
1989 1362 2061 1453 tui,
2089 1362 2227 1461 iamque

710 1484 780 1559 mei
813 1486 942 1575 etiam,
971 1484 1162 1561 commodis
1191 1482 1389 1585 prospicias.
1447 1485 1613 1583 Aequum
1635 1483 1744 1583 igitur
1767 1492 1807 1557 nt
1832 1483 2042 1559 benevolum
2064 1489 2102 1557 te
2122 1482 2224 1557 hahe-

710 1628 790 1681 mus
821 1604 994 1695 iudicem,
1029 1612 1066 1679 et
1097 1603 1160 1702 qui
1194 1604 1241 1680 ab
1274 1604 1371 1679 omni
1400 1612 1498 1711 parte
1527 1604 1671 1679 mirifice
1700 1604 1894 1692 adinrama,
1920 1611 1962 1677 ιιι
1984 1626 2064 1678 vera
2088 1602 2227 1701 ingenio

710 1724 1077 1801 subnascaturrernm
1100 1725 1228 1823 imago.
1278 1724 1443 1813 Accedit,
1467 1724 1562 1825 quod
1586 1746 1764 1799 summum
1789 1731 1862 1812 cut,
1884 1747 1999 1822 neque
2021 1723 2121 1798 facile
2146 1746 2223 1799 con·

668 1919 673 1925 .
707 1845 868 1922 iunctum
901 1844 939 1919 in
971 1845 1095 1919 eodem
1126 1844 1267 1918 homine
1300 1843 1478 1942 reperitur.
1537 1842 1637 1917 Idem
1669 1841 1731 1941 qui
1755 1838 1823 1915 iuri
1852 1840 2005 1915 dicundo
2033 1840 2168 1915 dudum
2190 1848 2224 1915 ct
2325 1897 2327 1905 .

587 2010 595 2019 ·
707 1964 907 2040 etiamnunc
938 1988 1077 2064 praees,
1102 1974 1138 2038 et
1162 1963 1354 2039 iuventutis
1382 1961 1638 2039 institutionem
1668 1960 1876 2048 moderaris,
1906 1984 1977 2035 non
2002 1960 2097 2036 hicce
2120 1961 2222 2036 inclu-

708 2082 801 2159 deris
824 2084 1016 2184 angustiis,
1043 2084 1074 2159 si
1102 2108 1161 2158 eas
1185 2082 1233 2159 ed
1255 2090 1290 2158 te
1317 2083 1510 2183 exigimus,
1539 2082 1619 2157 licet
1648 2081 1733 2157 satie
1757 2078 1893 2180 amplae
1918 2081 2102 2155 videantur
2124 2104 2222 2179 quam

706 2202 874 2302 plurimis.
925 2202 1005 2277 Tibi
1031 2203 1197 2302 contigit,
1231 2210 1272 2298 ut
1295 2206 1411 2279 r'erum
1442 2203 1605 2279 notitiam
1628 2208 1665 2277 et
1690 2198 1838 2277 civitatis
1864 2200 2023 2299 regimen
2046 2200 2221 2275 rideriset

704 2322 814 2422 probe
834 2323 1011 2421 cognoris,
1031 2331 1072 2399 ut
1091 2324 1276 2399 coniuncta
1292 2346 1419 2399 cernae
1449 2322 1551 2422 quasi
1576 2346 1619 2397 er
1651 2322 1739 2410 alto,
1772 2344 2013 2420 quaecumque
2035 2326 2072 2394 et
2102 2320 2140 2393 in
2165 2320 2224 2395 hoc

704 2444 834 2543 oppido
859 2454 895 2517 et
918 2444 955 2517 in
981 2444 1139 2519 universa
1159 2444 1273 2544 patria
1295 2451 1412 2519 nostra
1434 2444 1505 2519 sive
1528 2442 1666 2543 legibus
1692 2442 1764 2516 sive
1788 2464 1849 2539 pro
1873 2439 2019 2539 imperio
2040 2440 2222 2515 constituta

684 2555 810 2652 'fient3
832 2588 951 2639 cernas
976 2572 1094 2639 autem
1119 2564 1173 2639 vel
1194 2564 1278 2640 clim
1302 2563 1542 2640 diiudicaveris
1563 2563 1634 2637 lere
1655 2560 1820 2636 omnibus
1841 2560 1919 2635 istie
1940 2560 2054 2635 modis
2075 2569 2113 2635 et
2131 2562 2222 2660 quasi

704 2684 882 2759 ecunctis
903 2684 972 2759 illia
994 2684 1078 2760 locis
1106 2692 1142 2760 et
1166 2682 1379 2772 rationibus,
1408 2708 1497 2782 quas
1526 2708 1587 2782 per
1619 2682 1765 2781 longam
1788 2680 1859 2755 iam
1883 2704 2011 2755 aevum
2036 2678 2222 2755 acutissimi

703 2799 862 2876 homines
891 2804 1149 2903 excogitarunt,
1182 2811 1223 2877 nt
1247 2826 1375 2879 novem
1407 2811 1443 2877 et
1467 2801 1595 2877 veriam
1622 2800 1855 2899 cognitionem
1887 2798 2151 2899 magistratibus
2179 2799 2220 2873 le

704 2943 860 3017 gumque
880 2921 1047 3010 latoribus
1071 2922 1259 3011 adderent,
1281 2930 1318 2997 et
1338 2921 1443 2997 rebus
1467 2922 1570 3020 ipsis,
1591 2930 1627 2995 ct
1647 2920 1801 3009 civibus,
1822 2929 1858 2995 et
1879 2920 2077 3001 consumare
2098 2920 2221 3020 patriae

703 3040 934 3135 prospecturi:
968 3064 1039 3138 qno
1070 3040 1165 3115 haud
1195 3040 1267 3115 scio
1295 3065 1341 3116 an
1367 3041 1558 3139 quidquam
1582 3041 1645 3130 eit,
1679 3040 1775 3139 qnod
1806 3047 1959 3115 mentem
1986 3046 2023 3115 et
2045 3040 2218 3139 ingenium

703 3155 885 3232 hominum
922 3159 1034 3258 magis
1070 3158 1214 3233 extollat
1248 3164 1283 3232 et
1313 3157 1519 3255 amplificet,
1554 3182 1624 3256 quo
1651 3181 1722 3232 non
1753 3165 1892 3233 tantum
1924 3157 2038 3235 nubea
2071 3182 2218 3233 errorum

484 3284 492 3299 '
614 3325 618 3331 -
703 3274 935 3375 dissipantur,
960 3279 1022 3353 sed
1049 3276 1257 3392 omniafere
1283 3276 1465 3352 hominum
1489 3276 1559 3353 vite
1583 3284 1619 3353 et
1642 3278 1814 3377 quidquid
1834 3278 1880 3352 ad
1903 3277 1994 3354 hane
2017 3276 2217 3376 reipublicae

588 3404 591 3409 ’
705 3396 992 3473 consociationem
1014 3391 1368 3498 pertineat,-planum
1389 3398 1431 3471 fit
1453 3404 1488 3471 et
1508 3398 1646 3473 unicam
1666 3398 1770 3473 efficit
1787 3398 2115 3498 praestantissimam
2132 3396 2214 3471 ima·

570 3521 575 3528 '
703 3514 832 3615 ginem.
887 3516 968 3590 'libi
998 3518 1029 3591 si
1059 3518 1117 3593 cui
1149 3517 1208 3593 elii
1239 3523 1418 3616 tamquam
1448 3540 1609 3618 praesens
1638 3517 1775 3633 videtur
1801 3516 1932 3593 mes
1955 3517 2102 3605 dixisse,
2126 3516 2214 3615 quod

702 3656 748 3709 ne
773 3634 1036 3727 obliviscantur,
1070 3630 1281 3736 quicumque
1305 3635 1503 3713 civitatibus
1528 3636 1716 3737 imperent:
1749 3634 1828 3711 Hoc
1852 3636 1940 3711 illud
1965 3642 2018 3711 eet
2040 3636 2217 3735 praecipue

701 3754 739 3827 in
770 3746 966 3853 cogniticrie
995 3782 1110 3832 rerum
1145 3756 1283 3832 salabre
1314 3778 1354 3831 ac
1379 3755 1604 3855 frugiferum,
1638 3756 1753 3831 omnis
1776 3764 1811 3831 te
1835 3756 1985 3856 exempli
2013 3756 2216 3831 documenta

701 3870 740 3943 in
771 3870 897 3945 illustri
927 3874 1040 3970 posita
1069 3880 1295 3949 monumento
1319 3873 1465 3949 intueri:
1494 3874 1576 3949 inde
1607 3872 1671 3950 tibi
1699 3887 1851 3976 tuaeque
1875 3876 2104 3977 reipublicae,
2128 3875 2216 3974 qnod

702 3988 856 4078 imitere,
880 3992 1013 4089 capies:
1044 3992 1144 4082 inde,
1168 3994 1310 4069 foedum
1341 3995 1501 4095 inceptu,
1529 3992 1671 4070 foedum
1699 3997 1811 4085 exitu,
1837 3996 1933 4096 quod
1961 3996 2057 4071 vitea.
2108 3996 2159 4072 At
2180 4004 2216 4069 ιιι

702 4105 755 4181 vir
780 4110 996 4210 amplissime
1021 4121 1157 4189 nostrae
1186 4113 1271 4189 item
1294 4112 1501 4214 reipublicae
1522 4116 1656 4215 capias,
1671 4116 1781 4215 1ιιιιοιι
1805 4116 1938 4191 imitere
1960 4114 2086 4203 simul,
2110 4116 2216 4214 iisqne

701 4228 878 4328 opposita,
905 4255 995 4330 quae
1021 4233 1110 4307 vites
1131 4239 1167 4308 et
1191 4259 1213 4310 a
1236 4232 1383 4333 quibus,
1409 4235 1472 4310 hoc
1494 4234 1590 4310 enim
1612 4244 1648 4309 tc
1671 4242 1911 4334 exspectemus
1935 4234 2132 4326 iacturum,
2158 4258 2216 4309 nos

701 4356 829 4426 tueare.
880 4353 960 4427 Non
983 4352 1083 4437 facilc
1102 4354 1168 4429 tibi
1185 4351 1410 4455 persuadebit
1429 4354 1572 4454 aliquis,
1594 4355 1662 4430 nisi
1679 4356 1774 4455 qnod
1791 4346 2004 4455 argumenti&
2023 4353 2216 4431 firmissime

700 4470 851 4569 nitatur:
889 4496 946 4547 mc
980 4472 1135 4564 felicem,
1167 4475 1197 4549 si
1231 4474 1317 4573 qnid
1351 4482 1417 4575 ego
1450 4474 1516 4549 tibi
1547 4498 1748 4574 persuasero
1777 4474 1913 4550 salubre
1948 4498 1989 4550 ao
2014 4474 2214 4573 lrngilerum

701 4588 782 4665 huic
813 4590 986 4668 iuventuti
1013 4601 1048 4667 ct
1075 4592 1256 4671 Athenaeo
1283 4601 1418 4683 nostro,
1446 4592 1631 4669 feliciorem
1655 4594 1752 4683 ideo,
1778 4594 1942 4692 quoniam
1971 4601 2006 4669 te
2033 4593 2215 4692 interprete

700 4709 829 4786 bonam
852 4711 1008 4813 frugem,
1033 4714 1063 4788 si
1088 4738 1158 4813 qua
1180 4714 1268 4790 sorte
1291 4714 1411 4821 inerit,
1432 4714 1591 4815 plurimis
1615 4714 1815 4790 nominibus
1836 4717 1873 4789 et
1895 4714 1974 4813 plna
1996 4738 2067 4790 nna
2088 4713 2214 4790 ratione

700 4826 738 4902 in
762 4830 892 4929 patriae
918 4842 1056 4911 nostrae
1078 4858 1181 4913 usum
1206 4842 1243 4911 et
1264 4835 1445 4919 commoda
1458 4814 1625 4935 ⁵sparsum
1645 4836 1688 4910 iri
1709 4835 1820 4913 laetus
1841 4858 2001 4934 auguror.
