4892 6184
871 687 1148 755 ORATIO.
1706 688 1769 757 301

254 892 311 967 lsic
332 908 471 992 quoque
494 893 595 969 liceat
616 892 773 969 modeste
793 900 911 970 tamen
934 895 1269 995 amatamque.
1319 895 1395 986 Qua
1415 892 1572 970 libertate
1596 918 1636 971 eo
1661 894 1770 971 liben-

172 1112 177 1119 ἢ
254 1012 325 1087 tius
348 1020 444 1101 nter,
475 1013 639 1111 quoniam
663 1037 777 1113 neque
803 1039 864 1090 vos
885 1014 964 1091 ideo
993 1041 1051 1092 me
1075 1016 1259 1105 effecistis,
1291 1014 1426 1114 qualem
1459 1015 1616 1103 creastis,
1646 1022 1687 1089 ut
1708 1039 1772 1115 pro

254 1134 467 1207 antecessore
486 1133 699 1209 adulatorem
723 1133 912 1223 haberetis,
936 1160 1000 1212 neo
1023 1135 1110 1211 dum
1135 1160 1269 1233 aequus
1295 1159 1353 1209 ero
1377 1134 1491 1209 dicere
1513 1136 1611 1210 aliter
1630 1158 1771 1234 possum

254 1276 362 1349 quam
392 1249 503 1325 multa
530 1274 590 1325 vos
623 1250 811 1327 laudabilia
840 1254 910 1329 iam
936 1254 1107 1343 effecisse,
1139 1254 1225 1330 dum
1241 1260 1435 1353 ,supersunt
1462 1254 1661 1329 etiamnunc
1680 1254 1779 1353 paris.

254 1368 423 1443 momenti
445 1367 516 1443 lere
538 1370 648 1469 plura.
699 1369 769 1445 Sed
795 1371 883 1463 ‚haec
904 1373 1065 1449 addenda
1088 1397 1163 1449 esse
1184 1382 1221 1447 et
1247 1398 1312 1472 ego
1334 1398 1398 1449 suo
1424 1381 1576 1473 tempore
1599 1397 1669 1447 non
1691 1374 1771 1447 reti·

255 1488 361 1575 cebo,
381 1511 495 1586 neque
517 1512 578 1563 vos
600 1489 719 1565 leviter
743 1493 930 1593 negabitis,
955 1502 992 1569 at
1012 1494 1069 1568 die
1092 1494 1180 1569 sesto
1204 1495 1248 1568 de
1270 1495 1312 1569 iis
1336 1518 1448 1569 sermo
1472 1492 1604 1593 longior
1624 1494 1772 1581 neliat,

255 1632 370 1706 neque
404 1608 516 1683 ullum
548 1632 614 1708 ego
645 1608 824 1701 iecissem,
858 1615 904 1688 ni
927 1614 1042 1713 palam
1077 1612 1261 1688 voluissem
1292 1612 1464 1712 profiteri,
1497 1613 1611 1710 qualia
1644 1620 1774 1689 vestrae

256 1727 514 1810 benevolentiae
533 1728 604 1804 iam
625 1728 790 1821 debeam,
810 1740 847 1807 et
868 1741 999 1832 quanta
1016 1758 1116 1831 porro
1136 1732 1180 1807 ab
1199 1732 1322 1827 aedem
1339 1732 1577 1807 benevolentia
1596 1740 1773 1831 exspecto,

255 1853 349 1923 certo
380 1846 560 1945 profutura
589 1848 689 1923 bonis
717 1850 856 1939 litteris,
880 1851 1134 1950 iuvenibusque
1159 1848 1294 1925 nostris.
1345 1851 1448 1942 Quod
1475 1859 1515 1925 ut
1541 1851 1693 1939 faciatis,
1715 1852 1775 1926 be·

173 2048 179 2054 ,
257 1966 364 2063 nigna
387 1991 448 2041 vos
469 1966 541 2043 lata
562 1974 717 2056 servent,
742 1975 779 2043 te
801 1972 1023 2070 praesertim,
1047 1970 1239 2045 venerande
1262 1970 1515 2059 Monnorsnrr,
1539 1995 1645 2069 quem
1665 1972 1777 2045 otium

188 2180 193 2188 .
258 2094 294 2159 et
324 2086 423 2185 quies
454 2086 540 2174 ista,
571 2086 700 2185 quibus
730 2096 766 2163 te
798 2091 1006 2189 permissum
1036 2090 1137 2164 inviti
1166 2090 1334 2177 vidimus,
1364 2088 1498 2166 utinam
1532 2114 1671 2190 corpore
1696 2114 1778 2165 mor

258 2207 434 2305 vigentem
462 2206 631 2294 reddant,
656 2214 705 2304 ,ut
725 2208 835 2305 possit
856 2208 968 2303 laetus
990 2234 1130 2309 quoque
1151 2210 1291 2284 animus
1314 2209 1359 2283 ed
1385 2209 1568 2308 pristinum
1593 2210 1712 2293 florem
1737 2233 1778 2281 eo

259 2325 479 2424 splendidius
508 2326 640 2413 redire,
674 2350 744 2425 quo
780 2327 897 2403 minus
930 2353 994 2404 nos
1024 2330 1175 2404 iuniores
1211 2329 1393 2427 hueusque
1427 2328 1682 2428 intelligemus,
1713 2309 1778 2403 hoc

258 2453 360 2519 tuum
386 2446 566 2545 ingenium
590 2447 771 2545 languere,
805 2472 869 2523 nec
897 2449 965 2525 sibi
987 2475 1050 2551 par
1071 2449 1141 2524 ianr
1167 2474 1261 2537 esse,
1288 2473 1358 2547 quo
1386 2447 1497 2547 magis
1519 2453 1778 2543 exspectamus,

259 2564 346 2664 quid
367 2564 511 2639 demum
534 2573 677 2665 vegetus
699 2566 831 2656 valeas,
857 2592 961 2668 qnam
986 2569 1149 2669 languere
1170 2592 1241 2643 non
1266 2568 1334 2643 nisi
1357 2567 1462 2643 lando
1485 2566 1658 2642 audivisse
1677 2564 1778 2641 nobis
1827 2636 1832 2649 ,

259 2686 427 2760 videmur.
485 2687 562 2785 Ego
584 2694 724 2776 autem,
747 2687 842 2787 quod
866 2695 901 2761 et
922 2687 990 2763 tibi
1011 2696 1047 2763 ct
1068 2689 1190 2764 ceteris
1214 2684 1349 2763 dictum
1373 2688 1469 2775 volo,
1493 2694 1574 2762 utut
1598 2686 1661 2774 sit,
1684 2685 1781 2761 omni

261 2805 295 2880 vi
317 2805 472 2895 annitar,
495 2813 537 2880 ut
562 2807 711 2907 dignum
735 2830 792 2882 me
813 2807 970 2883 arincam
992 2807 1056 2883 hac
1078 2808 1243 2886 cathedra
1265 2816 1300 2884 et
1320 2809 1498 2883 Athenaeo
1519 2805 1780 2893 Daventriensi,

260 2933 301 2999 ut
337 2924 456 3013 vobis,
491 2926 554 3025 qui
583 2951 640 3002 me
672 2926 710 3001 in
741 2926 1004 3003 candidatorum
1033 2951 1220 3002 numerum
1250 2926 1445 3026 recepistis,
1476 2933 1517 2999 ut
1539 2925 1782 3001 honestissimo

261 3045 487 3119 decmionum
510 3045 641 3134 ordini,
665 3046 728 3145 qui
750 3070 807 3120 ma
829 3054 915 3121 natu
942 3045 1128 3121 minimum
1151 3071 1233 3145 prae
1259 3047 1317 3119 illo
1345 3068 1489 3119 numero
1511 3043 1731 3119 renuntiavit.

309 3164 386 3253 Qua
408 3164 446 3237 in
470 3188 507 3238 re
528 3165 656 3239 mirum
675 3171 845 3263 quantum
866 3164 1049 3263 proiecisse
1069 3188 1126 3238 me
1149 3165 1360 3252 arbitrabor,
1382 3164 1448 3239 tibi
1466 3164 1494 3237 si
1516 3163 1683 3261 probatus
1705 3188 1782 3251 ero,

262 3282 324 3380 qui
346 3282 578 3375 illustrissimo
596 3283 741 3383 collegio
760 3308 898 3383 praees,
919 3283 1131 3383 amplissime
1153 3284 1250 3358 Cosr
1270 3286 1448 3359 Josnnus.
1480 3283 1655 3381 Equidem
1674 3282 1781 3380 probe

262 3400 392 3489 sentio,
428 3425 497 3475 non
533 3402 639 3476 huius
665 3402 732 3477 loci
762 3426 880 3501 neque
910 3426 954 3475 ex
979 3424 1057 3475 mes
1086 3425 1234 3500 persona
1262 3426 1354 3489 esse,
1384 3410 1424 3475 ut
1447 3408 1525 3475 tuas
1551 3400 1671 3475 laudes
1695 3400 1781 3473 cele·

261 3520 377 3607 brem,
410 3530 538 3617 easque
562 3520 758 3618 praedicare
788 3520 970 3619 aggrediar
998 3518 1105 3595 animi
1131 3519 1251 3607 dotes,
1280 3520 1408 3618 quibus
1438 3520 1617 3619 splendes,
1643 3526 1782 3618 propter

262 3662 351 3736 quas
385 3644 422 3713 tc
456 3662 634 3728 amamus,
668 3639 881 3739 quicumque
914 3639 1160 3739 eognovimus,
1192 3649 1228 3714 et
1260 3638 1461 3737 inquibus
1495 3645 1596 3725 sunt,
1631 3660 1779 3735 quarum

264 3758 396 3833 mentio
417 3758 544 3833 suffieit
566 3766 607 3833 ut
635 3758 681 3834 ab
704 3758 923 3834 incommodo
947 3758 1158 3833 retineamur
1183 3757 1373 3833 conamine.
1423 3758 1470 3831 Et
1490 3756 1577 3831 forte
1599 3756 1781 3855 superbius
1832 3828 1836 3840 ,

263 3902 401 3976 egerem
435 3902 549 3977 neque
583 3896 694 3955 essem
728 3878 913 3967 ferendus,
947 3878 978 3953 si
1009 3877 1142 3985 advena
1173 3878 1307 3953 civibus
1339 3877 1410 3951 tuis
1439 3901 1666 3976 exponerem,
1692 3900 1781 3975 quae

263 3998 422 4073 nondum
445 3998 513 4073 nisi
537 4024 581 4073 ex
604 4007 721 4099 parta,
750 4006 786 4074 et
806 3997 852 4074 ab
875 3998 961 4097 ipsis
980 3997 1053 4073 lere
1074 3997 1230 4097 cognovi.
1279 3998 1332 4072 Ee
1356 4021 1435 4071 vero
1460 3994 1572 4071 dicere
1594 3995 1781 4095 unicuique

263 4115 344 4191 licet
373 4123 410 4191 et
439 4140 505 4216 ago
534 4117 581 4193 ad
610 4116 648 4191 id
676 4117 791 4206 valeo,
824 4141 914 4216 quac
939 4124 975 4193 et
998 4116 1107 4193 cuivis
1132 4117 1313 4193 innotuere
1342 4124 1378 4193 et
1397 4115 1558 4191 omnibus
1582 4114 1688 4190 bonis
1702 4140 1780 4214 pro·
1865 4192 1866 4197 ,

264 4234 402 4311 bantur.
453 4236 539 4311 Ideo
560 4235 668 4337 igitur
691 4235 758 4313 tibi
781 4261 863 4336 prae
884 4236 1005 4311 ceteris
1026 4236 1212 4336 probatum
1233 4262 1288 4313 me
1309 4238 1404 4325 volo,
1424 4234 1586 4335 quoniam
1606 4242 1678 4309 ate
1698 4258 1780 4335 prae

264 4355 387 4429 octena
423 4355 592 4431 iudicium
627 4364 824 4457 exspectare
859 4356 939 4431 lieet
971 4362 1024 4431 tot
1059 4356 1259 4433 nominibus
1289 4363 1504 4443 accuratum,
1539 4354 1641 4453 quala
1671 4353 1728 4427 vix
1759 4379 1780 4428 a

265 4498 443 4574 quoquam
467 4475 544 4551 alio.
593 4476 689 4551 Dum
711 4475 805 4551 enim
825 4475 974 4565 reticeo,
999 4500 1089 4573 quae
1111 4476 1186 4575 ipse
1210 4474 1358 4559 attulisti
1382 4476 1428 4550 ad
1449 4474 1633 4573 stationem
1655 4480 1779 4572 quate

265 4594 489 4693 suspicimus,
519 4618 561 4669 ea
589 4618 856 4671 commemorare
885 4595 1019 4683 licebit,
1052 4619 1279 4695 quaecunque
1307 4593 1353 4670 ad
1377 4603 1412 4670 te
1436 4594 1582 4671 attulere
1613 4592 1778 4680 honores,

265 4714 396 4813 quibus
425 4714 613 4814 insignitus
646 4738 704 4804 es,
739 4722 775 4790 et
803 4714 920 4793 studia
944 4714 1051 4803 ritae,
1082 4723 1254 4814 qnatenus
1283 4713 1369 4814 ipsis
1392 4714 1460 4789 illis
1485 4711 1673 4789 honoribus
1699 4737 1778 4813 pro·

266 4827 408 4909 duntur.
458 4834 513 4909 'ln
542 4834 650 4935 igitur
679 4842 720 4911 ut
749 4834 1054 4937 iurisprudentiam
1082 4860 1192 4979 quque
1225 4833 1340 4911 studia
1371 4834 1479 4936 probe
1510 4832 1620 4926 nosti,
1648 4832 1778 4931 quibua
