4892 6184
881 670 1158 738 ORATIO.
1711 672 1774 735 279

257 880 478 968 memoriam,
502 902 610 977 quem
624 835 814 977 ¹splendida
834 879 1020 978 utrimque·
1037 879 1178 977 ingenia
1201 876 1512 976 propugnaverat,
1539 898 1647 975 quam
1671 874 1779 947 nobili
1862 929 1863 932 ,

258 1001 363 1075 turba
390 1005 596 1073 sectatorum
606 1030 617 1085 ;
638 996 765 1072 deinde
788 997 916 1076 uthoo
940 999 1045 1073 etiam
1066 996 1302 1083 recordemur,
1323 994 1422 1072 finito
1444 996 1629 1087 certamine
1650 994 1776 1069 utrius·

255 1144 325 1217 que
352 1119 460 1217 partis
486 1127 524 1192 et
551 1118 657 1192 duces
679 1124 715 1191 et
736 1117 863 1191 milites
887 1117 1051 1211 omnibus
1076 1116 1276 1191 nominibus
1301 1117 1411 1190 multo
1442 1115 1645 1189 excultiores
1668 1113 1776 1189 fuisse

255 1262 362 1337 quam
383 1245 495 1313 antea
545 1236 825 1335 Elegantioribus
846 1246 966 1313 contra
982 1240 1207 1311 Desinemus
1226 1235 1284 1309 ille
1301 1236 1476 1310 Eatenus
1495 1234 1776 1309 annumerandus
1901 1239 1906 1253 '

253 1366 328 1445 est,
363 1380 478 1454 neque
512 1355 550 1430 bi
582 1355 710 1431 frustm
738 1355 863 1433 vixere.
921 1358 1063 1431 Novum
1095 1356 1234 1453 utrique
1263 1355 1463 1453 ingenium,
1487 1380 1609 1429 novam
1641 1354 1776 1440 lucem,

254 1477 399 1552 alteram
422 1476 522 1574 quasi
550 1476 656 1550 vitam
682 1475 760 1549 orbi
782 1482 950 1551 terrarum
977 1475 1204 1562 instillarunt,
1229 1482 1265 1547 et
1287 1474 1447 1547 invenere
1469 1473 1665 1547 felicissima
1689 1482 1774 1547 tem·

255 1620 357 1693 pora,
382 1596 513 1671 scilicet
541 1594 646 1669 simul
668 1594 740 1669 lere
764 1595 815 1669 vis
841 1594 1022 1669 hominum
1044 1595 1081 1668 in
1105 1593 1217 1693 ipsam
1242 1616 1356 1666 rerum
1382 1602 1562 1681 naturam,
1587 1618 1775 1692 eorumque

253 1714 378 1790 notitia
408 1724 483 1789 tum
514 1714 610 1812 globi
641 1713 827 1802 terrestris,
853 1720 931 1787 tum
961 1738 1078 1788 rerum
1101 1712 1380 1810 quotidianarum
1414 1711 1556 1787 mirifice
1581 1712 1776 1811 augebatur

254 1834 360 1908 simul
386 1858 465 1909 cum
498 1832 631 1931 ingenii
658 1832 766 1907 cultu.
815 1832 905 1907 Inde
934 1833 1085 1920 lactum,
1118 1831 1252 1904 utiam
1279 1854 1389 1917 nunc,
1414 1830 1526 1904 tribus
1550 1831 1603 1905 vel
1627 1840 1775 1930 quatuor

254 1952 417 2041 maculis,
443 1951 622 2026 bominum
650 1951 849 2026 commuuio
875 1961 911 2027 et
939 1952 1084 2026 societas
1109 1976 1179 2025 non
1203 1949 1249 2025 ad
1274 1949 1425 2024 eundem
1451 1950 1555 2024 modo
1583 1974 1664 2025 eum
1686 1954 1773 2025 anti·

253 2071 387 2169 quitata
424 2071 574 2170 gradum
612 2070 846 2167 pervenerint,
883 2071 945 2145 sed
978 2071 1137 2170 plurimis
1176 2071 1289 2169 iisque
1322 2068 1533 2168 gravissimis
1576 2070 1776 2145 nominibus

253 2217 358 2291 supra
379 2192 480 2265 illum
500 2190 684 2265 emineant.
938 2280 945 2291 Ι

302 2311 409 2389 Quod
441 2311 557 2410 ipsum
592 2310 629 2385 in
656 2308 782 2385 ·causis
814 2317 887 2398 est,
919 2334 983 2385 cnr
1011 2310 1081 2385 iam
1105 2333 1200 2384 nunc
1221 2308 1394 2407 permulta
1415 2309 1484 2382 sint
1505 2316 1649 2385 mutata.
1700 2311 1775 2384 Nos

251 2429 321 2503 iam
346 2453 387 2502 eo
411 2427 652 2526 pervenimus,
676 2432 719 2501 ut
744 2427 987 2525 antiquitatem
1014 2428 1144 2527 ubique
1168 2426 1239 2502 fere
1266 2452 1487 2527 superemus,
1511 2436 1547 2502 et
1568 2428 1778 2526 paucissima

250 2548 328 2633 illa,
363 2546 493 2645 quibus
525 2569 567 2619 ea
594 2554 747 2644 praestat
775 2547 993 2637 etiamnunc,
1028 2547 1149 2624 multis
1176 2556 1461 2646 compensantur,
1494 2572 1584 2646 quae
1615 2555 1778 2623 nostrum

250 2690 375 2741 aevum
405 2665 578 2741 decorant.
636 2667 672 2740 A
703 2667 819 2741 medio
850 2692 934 2742 aero
959 2668 1093 2743 litterae
1118 2668 1269 2742 Graecae
1303 2674 1339 2741 et
1361 2668 1558 2756 Romanae,
1589 2691 1659 2742 non
1683 2668 1774 2744 solae
1831 2746 1833 2751 f

251 2785 395 2883 quidem
425 2785 487 2860 aad
517 2785 669 2861 maxima
692 2778 875 2886 exparte,
901 2812 965 2862 nos
991 2787 1186 2862 liberarunt
1212 2793 1249 2860 et
1272 2785 1438 2885 eripuere.
1489 2785 1596 2865 Quod
1617 2786 1686 2887 ipsi
1704 2810 1775 2861 non

251 2904 480 2979 valuissemus
514 2912 556 2979 ut
583 2905 748 2994 oriretur,
781 2905 865 2981 inde
893 2914 1017 2983 natum
1043 2914 1113 2996 est,
1150 2906 1284 2981 litterae
1308 2905 1533 2995 recentiores,
1566 2930 1666 3004 quae
1682 2930 1775 2980 nunc

251 3024 424 3122 permulta
455 3025 526 3099 iam
558 3025 669 3099 tulere
700 3024 803 3123 longe
835 3026 1006 3124 paratiora
1037 3026 1083 3101 ad
1113 3050 1237 3113 usum,
1264 3030 1300 3098 et
1323 3048 1469 3099 numam
1491 3025 1604 3100 multo
1628 3026 1775 3114 maiore,

249 3168 313 3217 nec
344 3142 458 3217 multo
490 3142 623 3218 minore
658 3144 889 3242 praestantia,
927 3170 1034 3244 quam
1063 3144 1122 3220 illa
1149 3144 1293 3245 antiqua
1319 3151 1412 3219 sunt.
1470 3145 1546 3219 Iam
1569 3169 1638 3220 non
1662 3146 1774 3233 deest,

249 3263 426 3338 interdum
455 3263 508 3337 vel
530 3263 657 3363 premit
681 3262 780 3362 copia
806 3263 994 3353 librorum,
1017 3264 1056 3338 id
1086 3271 1140 3339 est
1171 3265 1346 3339 doctrinae
1373 3264 1551 3352 omnium,
1586 3265 1774 3363 unicuique

250 3383 369 3457 statim
400 3387 550 3481 paratae.
599 3383 677 3456 Iam
701 3382 875 3470 libertate,
901 3408 972 3457 non
996 3382 1104 3456 nimia
1126 3374 1288 3480 quidem,
1317 3382 1377 3455 sed
1406 3383 1501 3479 quali
1522 3384 1676 3457 contenti
1699 3408 1775 3459 esse

249 3524 458 3601 possmnus,
482 3498 720 3573 nobilissimus
743 3500 891 3599 quisque
916 3502 971 3575 uti
991 3508 1116 3600 potest.
1165 3500 1348 3599 Cogitate,
1373 3525 1455 3599 ergo
1478 3526 1553 3576 ease
1577 3503 1648 3577 iam
1672 3503 1771 3593 licet,

250 3622 336 3719 quin
365 3620 474 3693 immo
498 3617 654 3693 modeste
680 3624 716 3691 et
744 3617 897 3694 humane
920 3619 1036 3718 eloqui
1055 3619 1249 3717 quaelibet,
1274 3644 1387 3719 neque
1409 3620 1662 3711 excluduntur,
1683 3646 1772 3722 quae

250 3738 466 3816 amodestia
487 3728 760 3814 et'humanitate
793 3739 848 3815 vel
867 3738 1077 3833 alienissima
1098 3748 1191 3814 sunt.
1241 3740 1329 3815 Inde
1359 3748 1482 3816 natum
1513 3750 1583 3832 est,
1612 3752 1653 3817 ut
1683 3743 1772 3818 dnae

250 3862 321 3937 iam
349 3884 404 3934 res
435 3858 563 3933 nostris
597 3857 813 3957 temporibus
848 3858 1049 3958 gravissime
1088 3858 1245 3933 homines
1276 3868 1523 3937 commoveant.
1582 3862 1772 3937 Commode
1846 3912 1852 3955 3

251 3980 363 4053 virere
391 3978 466 4053 vult
490 3976 752 4077 unusquisque,
779 3984 817 4052 et
838 3979 1019 4053 commode
1040 3978 1132 4078 regi,
1151 3978 1206 4053 vel
1226 3987 1267 4053 ut
1285 3980 1437 4079 apertius
1458 3980 1590 4077 dicam,
1615 3980 1680 4056 hoc
1700 3981 1771 4057 iam

251 4099 455 4198 requirunt,
486 4104 529 4174 ut
558 4106 636 4173 tum
667 4098 706 4173 in
736 4096 807 4173 vita
833 4098 1035 4198 quotidiana
1060 4098 1241 4174 facultates
1268 4122 1349 4175 suas
1378 4101 1607 4200 amplificent,
1637 4110 1673 4176 et
1700 4101 1770 4175 sive

251 4220 345 4317 ipsas
377 4217 613 4318 adipiscantur
646 4218 804 4309 diddas,
835 4220 907 4294 sive
939 4244 999 4309 ea,
1024 4243 1173 4319 quorum
1199 4244 1304 4301 cause
1330 4218 1454 4295 divites
1478 4243 1552 4295 esse
1579 4220 1768 4307 voluerint3

252 4336 379 4412 deinde
408 4337 573 4436 cupiunt,
602 4348 644 4415 ut
671 4339 784 4415 maius
804 4338 866 4414 liat
888 4339 1043 4438 ipsomm
1068 4346 1285 4415 momentum
1309 4338 1346 4413 in
1372 4338 1645 4425 administranda
1666 4364 1767 4440 repu-

252 4456 352 4532 blica.
406 4458 503 4537 Quin
526 4458 633 4556 immo
656 4458 747 4535 bona
765 4483 909 4559 perseo
929 4458 1102 4558 procedit,
1125 4466 1165 4533 ut
1183 4458 1318 4534 cultum
1337 4458 1444 4533 animi
1462 4482 1532 4533 non
1552 4459 1638 4534 adeo
1662 4483 1766 4559 quae·

252 4584 326 4664 rat,
353 4600 459 4675 quam
486 4578 537 4653 rei
562 4578 770 4656 domesticae
791 4579 929 4666 florem,
955 4585 991 4652 et
1015 4584 1056 4652 ut
1077 4579 1170 4678 leges
1192 4577 1332 4653 sibimet
1355 4578 1520 4653 mustitui
1542 4579 1676 4679 flagitet
1696 4602 1766 4654 non

253 4696 339 4796 adeo
371 4696 480 4774 bonas
512 4723 619 4797 quam
651 4724 742 4776 suas.
803 4698 873 4774 Sed
905 4696 1132 4786 criminandi,
1164 4697 1301 4773 etiamsi
1329 4722 1406 4774 vere
1437 4700 1555 4789 fieret,
1582 4723 1646 4775 nec
1671 4700 1766 4775 locus

253 4840 347 4891 nuuc
381 4826 436 4893 est
466 4842 581 4918 neque
608 4821 747 4899 causa'
780 4818 827 4895 ld
855 4842 966 4896 unum
997 4818 1084 4895 mihi
1114 4818 1236 4897 datum
1259 4818 1359 4923 volo,
1378 4820 1419 4895 ut
1440 4817 1510 4895 iam
1533 4818 1765 4897 demonstrem
