<?xml version="1.0" encoding="UTF-8"?>
<!DOCTYPE html PUBLIC "-//W3C//DTD XHTML 1.0 Transitional//EN"
    "http://www.w3.org/TR/xhtml1/DTD/xhtml1-transitional.dtd">
<html xmlns="http://www.w3.org/1999/xhtml" xml:lang="en" lang="en">
 <head>
  <title>
</title>
<meta http-equiv="Content-Type" content="text/html;charset=utf-8" />
  <meta name='ocr-system' content='tesseract 3.04.00' />
  <meta name='ocr-capabilities' content='ocr_page ocr_carea ocr_par ocr_line ocrx_word'/>
</head>
<body>
  <div class='ocr_page' id='page_1' title='image "annalesacademic05unkngoog_0126.png"; bbox 0 0 4892 6184; ppageno 0'>
   <div class='ocr_carea' id='block_1_1' title="bbox 686 585 1617 730">
    <p class='ocr_par' dir='ltr' id='par_1_1' title="bbox 686 585 1617 730">
     <span class='ocr_line' id='line_1_1' title="bbox 686 585 1617 730; baseline 0.001 -8"><span class='ocrx_word' id='word_1_1' title='bbox 686 585 767 724; x_wconf 65' lang='lat'>’1¹6</span> <span class='ocrx_word' id='word_1_2' title='bbox 1302 658 1341 730; x_wconf 86' lang='grc' dir='ltr'><strong>Η.</strong></span> <span class='ocrx_word' id='word_1_3' title='bbox 1375 659 1410 726; x_wconf 85' lang='grc' dir='ltr'><strong>Ε.</strong></span> <span class='ocrx_word' id='word_1_4' title='bbox 1445 657 1617 727; x_wconf 87' lang='lat' dir='ltr'><strong>VINKll</strong></span> 
     </span>
    </p>
   </div>
   <div class='ocr_carea' id='block_1_2' title="bbox 703 829 2251 1048">
    <p class='ocr_par' dir='ltr' id='par_1_2' title="bbox 703 829 2251 1048">
     <span class='ocr_line' id='line_1_2' title="bbox 703 829 2251 946; baseline 0.003 -24"><span class='ocrx_word' id='word_1_5' title='bbox 703 867 809 946; x_wconf 71' lang='lat' dir='ltr'><strong>anagia</strong></span> <span class='ocrx_word' id='word_1_6' title='bbox 835 883 918 946; x_wconf 88' lang='lat' dir='ltr'><strong>quam</strong></span> <span class='ocrx_word' id='word_1_7' title='bbox 948 864 1069 935; x_wconf 87' lang='lat' dir='ltr'><strong>eersbri,</strong></span> <span class='ocrx_word' id='word_1_8' title='bbox 1097 866 1127 925; x_wconf 92' lang='lat' dir='ltr'><strong>et</strong></span> <span class='ocrx_word' id='word_1_9' title='bbox 1145 862 1256 925; x_wconf 79' lang='lat' dir='ltr'><strong>adactus</strong></span> <span class='ocrx_word' id='word_1_10' title='bbox 1274 865 1381 943; x_wconf 89' lang='lat' dir='ltr'><strong>magis,</strong></span> <span class='ocrx_word' id='word_1_11' title='bbox 1410 887 1493 946; x_wconf 88' lang='lat' dir='ltr'><strong>qnam</strong></span> <span class='ocrx_word' id='word_1_12' title='bbox 1510 863 1718 944; x_wconf 64' lang='lat' dir='ltr'><strong>intelligentiae.</strong></span> <span class='ocrx_word' id='word_1_13' title='bbox 1739 893 1779 908; x_wconf 89' lang='lat'><em>-</em></span> <span class='ocrx_word' id='word_1_14' title='bbox 1799 861 1854 923; x_wconf 80' lang='lat' dir='ltr'><strong>Sed</strong></span> <span class='ocrx_word' id='word_1_15' title='bbox 1874 863 1990 924; x_wconf 90' lang='lat' dir='ltr'><strong>alteram</strong></span> <span class='ocrx_word' id='word_1_16' title='bbox 2009 863 2096 924; x_wconf 91' lang='lat' dir='ltr'><strong>multo</strong></span> <span class='ocrx_word' id='word_1_17' title='bbox 2117 865 2209 926; x_wconf 86' lang='lat' dir='ltr'><strong>elarius</strong></span> <span class='ocrx_word' id='word_1_18' title='bbox 2250 829 2251 832; x_wconf 7' lang='grc' dir='ltr'><strong>Ἴ</strong></span> 
     </span>
     <span class='ocr_line' id='line_1_3' title="bbox 704 965 2210 1048; baseline 0.003 -24"><span class='ocrx_word' id='word_1_19' title='bbox 704 974 913 1048; x_wconf 68' lang='lat' dir='ltr'><strong>augumentum</strong></span> <span class='ocrx_word' id='word_1_20' title='bbox 932 987 962 1028; x_wconf 90' lang='lat' dir='ltr'><strong>se</strong></span> <span class='ocrx_word' id='word_1_21' title='bbox 982 968 1132 1028; x_wconf 75' lang='lat' dir='ltr'><strong>etiamnum</strong></span> <span class='ocrx_word' id='word_1_22' title='bbox 1153 965 1241 1027; x_wconf 71' lang='lat' dir='ltr'><strong>oded.</strong></span> <span class='ocrx_word' id='word_1_23' title='bbox 1282 967 1376 1028; x_wconf 75' lang='lat' dir='ltr'><strong>Quam</strong></span> <span class='ocrx_word' id='word_1_24' title='bbox 1396 969 1473 1030; x_wconf 87' lang='lat' dir='ltr'><strong>euim</strong></span> <span class='ocrx_word' id='word_1_25' title='bbox 1491 969 1560 1044; x_wconf 77' lang='lat' dir='ltr'><strong>tides</strong></span> <span class='ocrx_word' id='word_1_26' title='bbox 1579 969 1722 1029; x_wconf 82' lang='lat' dir='ltr'><strong>Christum</strong></span> <span class='ocrx_word' id='word_1_27' title='bbox 1740 967 1937 1046; x_wconf 87' lang='lat' dir='ltr'><strong>ampleotatur,</strong></span> <span class='ocrx_word' id='word_1_28' title='bbox 1959 970 1989 1024; x_wconf 91' lang='lat' dir='ltr'><strong>ut</strong></span> <span class='ocrx_word' id='word_1_29' title='bbox 2008 965 2090 1026; x_wconf 90' lang='lat' dir='ltr'><strong>nobis</strong></span> <span class='ocrx_word' id='word_1_30' title='bbox 2105 965 2210 1028; x_wconf 74' lang='lat' dir='ltr'><strong>onena</strong></span> 
     </span>
    </p>
   </div>
   <div class='ocr_carea' id='block_1_3' title="bbox 703 1065 2337 1151">
    <p class='ocr_par' dir='ltr' id='par_1_3' title="bbox 703 1065 2337 1151">
     <span class='ocr_line' id='line_1_4' title="bbox 703 1065 2337 1151; baseline 0.003 -26"><span class='ocrx_word' id='word_1_31' title='bbox 703 1092 738 1131; x_wconf 73' lang='lat' dir='ltr'><strong>ua</strong></span> <span class='ocrx_word' id='word_1_32' title='bbox 758 1071 856 1130; x_wconf 85' lang='lat' dir='ltr'><strong>Patre:</strong></span> <span class='ocrx_word' id='word_1_33' title='bbox 878 1069 925 1128; x_wconf 92' lang='lat' dir='ltr'><strong>ille</strong></span> <span class='ocrx_word' id='word_1_34' title='bbox 945 1087 1087 1129; x_wconf 79' lang='lat' dir='ltr'><strong>smenon</strong></span> <span class='ocrx_word' id='word_1_35' title='bbox 1107 1067 1138 1127; x_wconf 90' lang='lat' dir='ltr'><strong>in</strong></span> <span class='ocrx_word' id='word_1_36' title='bbox 1158 1066 1292 1128; x_wconf 87' lang='lat' dir='ltr'><strong>iustitiam</strong></span> <span class='ocrx_word' id='word_1_37' title='bbox 1312 1069 1412 1140; x_wconf 91' lang='lat' dir='ltr'><strong>modo,</strong></span> <span class='ocrx_word' id='word_1_38' title='bbox 1434 1078 1607 1151; x_wconf 63' lang='lat' dir='ltr'><strong>peeomrum</strong></span> <span class='ocrx_word' id='word_1_39' title='bbox 1627 1067 1816 1132; x_wconf 87' lang='lat' dir='ltr'><strong>remissionem</strong></span> <span class='ocrx_word' id='word_1_40' title='bbox 1837 1073 1866 1128; x_wconf 88' lang='lat' dir='ltr'><strong>et</strong></span> <span class='ocrx_word' id='word_1_41' title='bbox 1886 1085 1981 1148; x_wconf 81' lang='lat' dir='ltr'><strong>passm</strong></span> <span class='ocrx_word' id='word_1_42' title='bbox 2001 1065 2144 1140; x_wconf 80' lang='lat' dir='ltr'><strong>offeratur,</strong></span> <span class='ocrx_word' id='word_1_43' title='bbox 2167 1070 2211 1130; x_wconf 91' lang='lat' dir='ltr'><strong>sed</strong></span> <span class='ocrx_word' id='word_1_44' title='bbox 2332 1102 2337 1118; x_wconf 83' lang='lat'><strong>·</strong></span> 
     </span>
    </p>
   </div>
   <div class='ocr_carea' id='block_1_4' title="bbox 699 1169 2303 4947">
    <p class='ocr_par' dir='ltr' id='par_1_4' title="bbox 699 1169 2303 4947">
     <span class='ocr_line' id='line_1_5' title="bbox 704 1169 2212 1252; baseline 0.003 -26"><span class='ocrx_word' id='word_1_45' title='bbox 704 1175 750 1232; x_wconf 75' lang='lat' dir='ltr'><strong>rin</strong></span> <span class='ocrx_word' id='word_1_46' title='bbox 774 1170 1028 1232; x_wconf 78' lang='lat' dir='ltr'><strong>sanctificationem.</strong></span> <span class='ocrx_word' id='word_1_47' title='bbox 1042 1189 1160 1251; x_wconf 77' lang='lat' dir='ltr'><strong>quaque,</strong></span> <span class='ocrx_word' id='word_1_48' title='bbox 1178 1177 1222 1232; x_wconf 79' lang='lat' dir='ltr'><strong>st·</strong></span> <span class='ocrx_word' id='word_1_49' title='bbox 1235 1171 1341 1232; x_wconf 82' lang='lat' dir='ltr'><strong>iontem</strong></span> <span class='ocrx_word' id='word_1_50' title='bbox 1369 1172 1570 1252; x_wconf 80' lang='lat' dir='ltr'><strong>aquaevivae,</strong></span> <span class='ocrx_word' id='word_1_51' title='bbox 1597 1191 1660 1232; x_wconf 88' lang='lat' dir='ltr'><strong>eum</strong></span> <span class='ocrx_word' id='word_1_52' title='bbox 1680 1169 1855 1232; x_wconf 88' lang='lat' dir='ltr'><strong>hauddubie</strong></span> <span class='ocrx_word' id='word_1_53' title='bbox 1875 1171 1929 1232; x_wconf 87' lang='lat' dir='ltr'><strong>rite</strong></span> <span class='ocrx_word' id='word_1_54' title='bbox 1952 1189 2117 1248; x_wconf 85' lang='lat' dir='ltr'><strong>eognoseers</strong></span> <span class='ocrx_word' id='word_1_55' title='bbox 2138 1189 2212 1231; x_wconf 88' lang='lat' dir='ltr'><strong>uum·</strong></span> 
     </span>
     <span class='ocr_line' id='line_1_6' title="bbox 702 1272 2212 1355; baseline -0.001 -21"><span class='ocrx_word' id='word_1_56' title='bbox 702 1293 805 1353; x_wconf 76' lang='lat' dir='ltr'><strong>nquam</strong></span> <span class='ocrx_word' id='word_1_57' title='bbox 833 1279 938 1354; x_wconf 88' lang='lat' dir='ltr'><strong>potest,</strong></span> <span class='ocrx_word' id='word_1_58' title='bbox 968 1274 1035 1352; x_wconf 88' lang='lat' dir='ltr'><strong>quin</strong></span> <span class='ocrx_word' id='word_1_59' title='bbox 1066 1273 1314 1336; x_wconf 80' lang='lat' dir='ltr'><strong>sanctificationem</strong></span> <span class='ocrx_word' id='word_1_60' title='bbox 1343 1274 1460 1354; x_wconf 81' lang='lat' dir='ltr'><strong>Spiritus</strong></span> <span class='ocrx_word' id='word_1_61' title='bbox 1489 1275 1570 1336; x_wconf 90' lang='lat' dir='ltr'><strong>simul</strong></span> <span class='ocrx_word' id='word_1_62' title='bbox 1602 1273 1797 1355; x_wconf 77' lang='lat' dir='ltr'><strong>apprehendat.</strong></span> <span class='ocrx_word' id='word_1_63' title='bbox 1838 1278 1895 1334; x_wconf 84' lang='lat' dir='ltr'><strong>Aut</strong></span> <span class='ocrx_word' id='word_1_64' title='bbox 1922 1273 2026 1353; x_wconf 91' lang='lat' dir='ltr'><strong>siquis</strong></span> <span class='ocrx_word' id='word_1_65' title='bbox 2046 1272 2163 1352; x_wconf 73' lang='lat' dir='ltr'><strong>apertius</strong></span> <span class='ocrx_word' id='word_1_66' title='bbox 2183 1274 2212 1333; x_wconf 94' lang='lat' dir='ltr'><strong>id</strong></span> 
     </span>
     <span class='ocr_line' id='line_1_7' title="bbox 702 1371 2211 1457; baseline 0.001 -25"><span class='ocrx_word' id='word_1_67' title='bbox 702 1375 824 1436; x_wconf 76' lang='lat' dir='ltr'><strong>edietum</strong></span> <span class='ocrx_word' id='word_1_68' title='bbox 854 1375 960 1457; x_wconf 78' lang='lat' dir='ltr'><strong>cupiat:</strong></span> <span class='ocrx_word' id='word_1_69' title='bbox 992 1375 1075 1436; x_wconf 83' lang='lat' dir='ltr'><strong>Fides</strong></span> <span class='ocrx_word' id='word_1_70' title='bbox 1100 1375 1132 1435; x_wconf 90' lang='lat' dir='ltr'><strong>iu</strong></span> <span class='ocrx_word' id='word_1_71' title='bbox 1163 1375 1269 1436; x_wconf 84' lang='lat' dir='ltr'><strong>Christi</strong></span> <span class='ocrx_word' id='word_1_72' title='bbox 1292 1374 1392 1436; x_wconf 88' lang='lat' dir='ltr'><strong>notitia</strong></span> <span class='ocrx_word' id='word_1_73' title='bbox 1420 1375 1474 1438; x_wconf 86' lang='lat' dir='ltr'><strong>sita</strong></span> <span class='ocrx_word' id='word_1_74' title='bbox 1500 1376 1569 1438; x_wconf 84' lang='lat' dir='ltr'><strong>eat”</strong></span> <span class='ocrx_word' id='word_1_75' title='bbox 1591 1381 1673 1436; x_wconf 73' lang='lat' dir='ltr'><strong>ereb.</strong></span> <span class='ocrx_word' id='word_1_76' title='bbox 1692 1374 1762 1456; x_wconf 87' lang='lat' dir='ltr'><strong>(vid.</strong></span> <span class='ocrx_word' id='word_1_77' title='bbox 1783 1378 1803 1437; x_wconf 86' lang='lat' dir='ltr'><strong>l.</strong></span> <span class='ocrx_word' id='word_1_78' title='bbox 1823 1376 1853 1435; x_wconf 88' lang='lat' dir='ltr'><strong>in</strong></span> <span class='ocrx_word' id='word_1_79' title='bbox 1873 1395 1914 1435; x_wconf 89' lang='lat' dir='ltr'><strong>or.</strong></span> <span class='ocrx_word' id='word_1_80' title='bbox 1934 1375 1990 1436; x_wconf 90' lang='lat' dir='ltr'><strong>iam</strong></span> <span class='ocrx_word' id='word_1_81' title='bbox 2009 1371 2114 1454; x_wconf 82' lang='lat' dir='ltr'><strong>laud),</strong></span> <span class='ocrx_word' id='word_1_82' title='bbox 2145 1373 2211 1435; x_wconf 91' lang='lat' dir='ltr'><strong>ibid.</strong></span> 
     </span>
     <span class='ocr_line' id='line_1_8' title="bbox 699 1477 2212 1558; baseline -0.001 -18"><span class='ocrx_word' id='word_1_83' title='bbox 699 1501 722 1540; x_wconf 90' lang='lat' dir='ltr'><strong>s.</strong></span> <span class='ocrx_word' id='word_1_84' title='bbox 745 1482 774 1540; x_wconf 83' lang='grc'><strong>8.</strong></span> <span class='ocrx_word' id='word_1_85' title='bbox 794 1510 835 1524; x_wconf 89' lang='grc'><strong>-</strong></span> <span class='ocrx_word' id='word_1_86' title='bbox 857 1477 998 1539; x_wconf 73' lang='lat' dir='ltr'><strong>adradunt</strong></span> <span class='ocrx_word' id='word_1_87' title='bbox 1022 1483 1096 1538; x_wconf 84' lang='lat' dir='ltr'><strong>serta</strong></span> <span class='ocrx_word' id='word_1_88' title='bbox 1114 1477 1225 1558; x_wconf 85' lang='lat' dir='ltr'><strong>plurimi</strong></span> <span class='ocrx_word' id='word_1_89' title='bbox 1245 1478 1336 1538; x_wconf 90' lang='lat' dir='ltr'><strong>Deum</strong></span> <span class='ocrx_word' id='word_1_90' title='bbox 1357 1498 1431 1551; x_wconf 89' lang='lat' dir='ltr'><strong>esse,</strong></span> <span class='ocrx_word' id='word_1_91' title='bbox 1463 1479 1659 1557; x_wconf 79' lang='lat' dir='ltr'><strong>Evangelieem</strong></span> <span class='ocrx_word' id='word_1_92' title='bbox 1678 1477 1839 1552; x_wconf 79' lang='lat' dir='ltr'><strong>historiam,</strong></span> <span class='ocrx_word' id='word_1_93' title='bbox 1871 1497 1904 1538; x_wconf 89' lang='lat' dir='ltr'><strong>au</strong></span> <span class='ocrx_word' id='word_1_94' title='bbox 1924 1479 2040 1556; x_wconf 85' lang='lat' dir='ltr'><strong>reliquas</strong></span> <span class='ocrx_word' id='word_1_95' title='bbox 2060 1477 2212 1556; x_wconf 76' lang='lat' dir='ltr'><strong>Scripturas</strong></span> 
     </span>
     <span class='ocr_line' id='line_1_9' title="bbox 704 1559 2214 1662; baseline -0.001 -20"><span class='ocrx_word' id='word_1_96' title='bbox 704 1587 811 1662; x_wconf 74' lang='lat' dir='ltr'><strong>apertas</strong></span> <span class='ocrx_word' id='word_1_97' title='bbox 841 1598 920 1642; x_wconf 72' lang='lat' dir='ltr'><strong>verm</strong></span> <span class='ocrx_word' id='word_1_98' title='bbox 950 1601 1010 1642; x_wconf 88' lang='lat' dir='ltr'><strong>esse</strong></span> <span class='ocrx_word' id='word_1_99' title='bbox 1039 1581 1223 1642; x_wconf 82' lang='lat' dir='ltr'><strong>arbitrantur:</strong></span> <span class='ocrx_word' id='word_1_100' title='bbox 1245 1582 1333 1660; x_wconf 17' lang='lat' dir='ltr'><strong>&#39;quale</strong></span> <span class='ocrx_word' id='word_1_101' title='bbox 1358 1582 1417 1641; x_wconf 88' lang='lat' dir='ltr'><strong>tere</strong></span> <span class='ocrx_word' id='word_1_102' title='bbox 1435 1581 1569 1643; x_wconf 77' lang='lat' dir='ltr'><strong>iudicium</strong></span> <span class='ocrx_word' id='word_1_103' title='bbox 1589 1600 1648 1642; x_wconf 85' lang='lat' dir='ltr'><strong>esse</strong></span> <span class='ocrx_word' id='word_1_104' title='bbox 1668 1583 1739 1642; x_wconf 88' lang='lat' dir='ltr'><strong>salet</strong></span> <span class='ocrx_word' id='word_1_105' title='bbox 1757 1580 1793 1641; x_wconf 90' lang='lat' dir='ltr'><strong>de</strong></span> <span class='ocrx_word' id='word_1_106' title='bbox 1814 1559 1867 1654; x_wconf 71' lang='lat' dir='ltr'><strong>iii,</strong></span> <span class='ocrx_word' id='word_1_107' title='bbox 1899 1600 1968 1660; x_wconf 88' lang='lat' dir='ltr'><strong>quae</strong></span> <span class='ocrx_word' id='word_1_108' title='bbox 1987 1581 2031 1641; x_wconf 85' lang='lat' dir='ltr'><strong>ael</strong></span> <span class='ocrx_word' id='word_1_109' title='bbox 2051 1579 2121 1640; x_wconf 90' lang='lat' dir='ltr'><strong>olim</strong></span> <span class='ocrx_word' id='word_1_110' title='bbox 2141 1587 2214 1657; x_wconf 82' lang='lat' dir='ltr'><strong>gesta</strong></span> 
     </span>
     <span class='ocr_line' id='line_1_10' title="bbox 703 1682 2214 1764; baseline 0.002 -24"><span class='ocrx_word' id='word_1_111' title='bbox 703 1686 881 1754; x_wconf 77' lang='lat' dir='ltr'><strong>enarrantur,</strong></span> <span class='ocrx_word' id='word_1_112' title='bbox 912 1684 958 1743; x_wconf 86' lang='lat' dir='ltr'><strong>rel</strong></span> <span class='ocrx_word' id='word_1_113' title='bbox 977 1682 1031 1764; x_wconf 89' lang='lat' dir='ltr'><strong>ipsi</strong></span> <span class='ocrx_word' id='word_1_114' title='bbox 1050 1688 1208 1764; x_wconf 85' lang='lat' dir='ltr'><strong>praesentes</strong></span> <span class='ocrx_word' id='word_1_115' title='bbox 1229 1683 1420 1763; x_wconf 80' lang='lat' dir='ltr'><strong>spectavimus.</strong></span> <span class='ocrx_word' id='word_1_116' title='bbox 1451 1687 1523 1745; x_wconf 81' lang='lat' dir='ltr'><strong>Sunt</strong></span> <span class='ocrx_word' id='word_1_117' title='bbox 1543 1684 1642 1755; x_wconf 62' lang='lat' dir='ltr'><strong>etiam</strong></span> <span class='ocrx_word' id='word_1_118' title='bbox 1674 1684 1722 1763; x_wconf 87' lang='lat' dir='ltr'><strong>qui</strong></span> <span class='ocrx_word' id='word_1_119' title='bbox 1741 1686 1813 1745; x_wconf 89' lang='lat' dir='ltr'><strong>ultra</strong></span> <span class='ocrx_word' id='word_1_120' title='bbox 1831 1684 1997 1764; x_wconf 77' lang='lat' dir='ltr'><strong>procedant:</strong></span> <span class='ocrx_word' id='word_1_121' title='bbox 2028 1701 2099 1742; x_wconf 59' lang='lat' dir='ltr'><strong>uam*</strong></span> <span class='ocrx_word' id='word_1_122' title='bbox 2116 1688 2146 1742; x_wconf 93' lang='lat' dir='ltr'><strong>et</strong></span> <span class='ocrx_word' id='word_1_123' title='bbox 2164 1682 2214 1744; x_wconf 86' lang='lat' dir='ltr'><strong>Dei</strong></span> 
     </span>
     <span class='ocr_line' id='line_1_11' title="bbox 703 1784 2215 1867; baseline 0.003 -27"><span class='ocrx_word' id='word_1_124' title='bbox 703 1805 875 1849; x_wconf 69' lang='lat' dir='ltr'><strong>asermouem</strong></span> <span class='ocrx_word' id='word_1_125' title='bbox 894 1806 945 1865; x_wconf 88' lang='lat' dir='ltr'><strong>pro</strong></span> <span class='ocrx_word' id='word_1_126' title='bbox 965 1784 1118 1848; x_wconf 76' lang='lat' dir='ltr'><strong>eerfissimo</strong></span> <span class='ocrx_word' id='word_1_127' title='bbox 1137 1785 1242 1846; x_wconf 88' lang='lat' dir='ltr'><strong>habent</strong></span> <span class='ocrx_word' id='word_1_128' title='bbox 1262 1788 1391 1859; x_wconf 88' lang='lat' dir='ltr'><strong>oraeulo,</strong></span> <span class='ocrx_word' id='word_1_129' title='bbox 1413 1806 1465 1848; x_wconf 87' lang='lat' dir='ltr'><strong>neo</strong></span> <span class='ocrx_word' id='word_1_130' title='bbox 1485 1788 1543 1848; x_wconf 89' lang='lat' dir='ltr'><strong>sius</strong></span> <span class='ocrx_word' id='word_1_131' title='bbox 1563 1792 1708 1867; x_wconf 84' lang='lat' dir='ltr'><strong>praesepta</strong></span> <span class='ocrx_word' id='word_1_132' title='bbox 1728 1805 1837 1867; x_wconf 89' lang='lat' dir='ltr'><strong>prorsus</strong></span> <span class='ocrx_word' id='word_1_133' title='bbox 1858 1786 2021 1862; x_wconf 87' lang='lat' dir='ltr'><strong>negligunt,</strong></span> <span class='ocrx_word' id='word_1_134' title='bbox 2042 1791 2071 1846; x_wconf 91' lang='lat' dir='ltr'><strong>et</strong></span> <span class='ocrx_word' id='word_1_135' title='bbox 2088 1784 2171 1845; x_wconf 88' lang='lat' dir='ltr'><strong>minis</strong></span> <span class='ocrx_word' id='word_1_136' title='bbox 2188 1793 2215 1845; x_wconf 86' lang='lat' dir='ltr'><strong>et</strong></span> 
     </span>
     <span class='ocr_line' id='line_1_12' title="bbox 702 1886 2215 1970; baseline 0.002 -27"><span class='ocrx_word' id='word_1_137' title='bbox 702 1886 946 1970; x_wconf 71' lang='lat' dir='ltr'><strong>uprnmis&#39;aionibus</strong></span> <span class='ocrx_word' id='word_1_138' title='bbox 965 1892 1105 1966; x_wconf 87' lang='lat' dir='ltr'><strong>uteunque</strong></span> <span class='ocrx_word' id='word_1_139' title='bbox 1126 1893 1344 1950; x_wconf 82' lang='lat' dir='ltr'><strong>commorentur.</strong></span> <span class='ocrx_word' id='word_1_140' title='bbox 1374 1889 1488 1950; x_wconf 81' lang='lat' dir='ltr'><strong>Talibus</strong></span> <span class='ocrx_word' id='word_1_141' title='bbox 1509 1887 1620 1969; x_wconf 86' lang='lat' dir='ltr'><strong>quidem</strong></span> <span class='ocrx_word' id='word_1_142' title='bbox 1640 1887 1706 1948; x_wconf 85' lang='lat' dir='ltr'><strong>fidei</strong></span> <span class='ocrx_word' id='word_1_143' title='bbox 1726 1888 1914 1950; x_wconf 83' lang='lat' dir='ltr'><strong>testimonium</strong></span> <span class='ocrx_word' id='word_1_144' title='bbox 1934 1886 2079 1959; x_wconf 85' lang='lat' dir='ltr'><strong>tribuitur,</strong></span> <span class='ocrx_word' id='word_1_145' title='bbox 2101 1886 2150 1948; x_wconf 88' lang='lat' dir='ltr'><strong>aad</strong></span> <span class='ocrx_word' id='word_1_146' title='bbox 2169 1907 2215 1968; x_wconf 87' lang='lat' dir='ltr'><strong>par</strong></span> 
     </span>
     <span class='ocr_line' id='line_1_13' title="bbox 703 1990 2215 2070; baseline -0.001 -19"><span class='ocrx_word' id='word_1_147' title='bbox 703 1992 940 2067; x_wconf 67' lang='lat' dir='ltr'><strong>umrdxrerffl,</strong></span> <span class='ocrx_word' id='word_1_148' title='bbox 970 1990 1042 2054; x_wconf 83' lang='lat' dir='ltr'><strong>ibid.</strong></span> <span class='ocrx_word' id='word_1_149' title='bbox 1071 2011 1094 2050; x_wconf 91' lang='lat' dir='ltr'><strong>s.</strong></span> <span class='ocrx_word' id='word_1_150' title='bbox 1118 1996 1206 2052; x_wconf 83' lang='grc'><strong>9.-</strong></span> <span class='ocrx_word' id='word_1_151' title='bbox 1229 1993 1351 2053; x_wconf 73' lang='lat' dir='ltr'><strong>ullarum</strong></span> <span class='ocrx_word' id='word_1_152' title='bbox 1371 1993 1440 2054; x_wconf 88' lang='lat' dir='ltr'><strong>haee</strong></span> <span class='ocrx_word' id='word_1_153' title='bbox 1461 1991 1527 2052; x_wconf 87' lang='lat' dir='ltr'><strong>fidei</strong></span> <span class='ocrx_word' id='word_1_154' title='bbox 1546 2013 1570 2052; x_wconf 89' lang='lat' dir='ltr'><strong>s.</strong></span> <span class='ocrx_word' id='word_1_155' title='bbox 1591 1993 1707 2064; x_wconf 87' lang='lat' dir='ltr'><strong>umbra,</strong></span> <span class='ocrx_word' id='word_1_156' title='bbox 1739 2013 1762 2052; x_wconf 90' lang='lat' dir='ltr'><strong>s.</strong></span> <span class='ocrx_word' id='word_1_157' title='bbox 1782 1993 1893 2070; x_wconf 85' lang='lat' dir='ltr'><strong>imago,</strong></span> <span class='ocrx_word' id='word_1_158' title='bbox 1928 1996 1958 2052; x_wconf 90' lang='lat' dir='ltr'><strong>ut</strong></span> <span class='ocrx_word' id='word_1_159' title='bbox 1977 1991 2078 2051; x_wconf 89' lang='lat' dir='ltr'><strong>nullius</strong></span> <span class='ocrx_word' id='word_1_160' title='bbox 2098 1995 2143 2050; x_wconf 87' lang='lat' dir='ltr'><strong>eat</strong></span> <span class='ocrx_word' id='word_1_161' title='bbox 2160 2009 2215 2050; x_wconf 91' lang='lat' dir='ltr'><strong>mo·</strong></span> 
     </span>
     <span class='ocr_line' id='line_1_14' title="bbox 702 2091 2215 2174; baseline -0.001 -21"><span class='ocrx_word' id='word_1_162' title='bbox 702 2094 823 2165; x_wconf 75' lang='lat' dir='ltr'><strong>umenti,</strong></span> <span class='ocrx_word' id='word_1_163' title='bbox 852 2094 893 2154; x_wconf 88' lang='lat' dir='ltr'><strong>ita</strong></span> <span class='ocrx_word' id='word_1_164' title='bbox 921 2091 1036 2170; x_wconf 88' lang='lat' dir='ltr'><strong>indigua</strong></span> <span class='ocrx_word' id='word_1_165' title='bbox 1057 2099 1100 2153; x_wconf 88' lang='lat' dir='ltr'><strong>est</strong></span> <span class='ocrx_word' id='word_1_166' title='bbox 1118 2092 1183 2152; x_wconf 89' lang='lat' dir='ltr'><strong>fidei</strong></span> <span class='ocrx_word' id='word_1_167' title='bbox 1203 2093 1394 2174; x_wconf 83' lang='lat' dir='ltr'><strong>appellatione.</strong></span> <span class='ocrx_word' id='word_1_168' title='bbox 1415 2125 1456 2140; x_wconf 88' lang='lat'><strong>--</strong></span> <span class='ocrx_word' id='word_1_169' title='bbox 1476 2093 1680 2174; x_wconf 75' lang='lat' dir='ltr'><strong>Qualisnunque</strong></span> <span class='ocrx_word' id='word_1_170' title='bbox 1700 2095 1748 2156; x_wconf 87' lang='lat' dir='ltr'><strong>ills</strong></span> <span class='ocrx_word' id='word_1_171' title='bbox 1769 2095 1970 2166; x_wconf 73' lang='lat' dir='ltr'><strong>edessensis,</strong></span> <span class='ocrx_word' id='word_1_172' title='bbox 2003 2093 2037 2154; x_wconf 92' lang='lat' dir='ltr'><strong>ad</strong></span> <span class='ocrx_word' id='word_1_173' title='bbox 2061 2113 2110 2154; x_wconf 87' lang='lat' dir='ltr'><strong>eor</strong></span> <span class='ocrx_word' id='word_1_174' title='bbox 2131 2093 2215 2174; x_wconf 90' lang='lat' dir='ltr'><strong>ipsum</strong></span> 
     </span>
     <span class='ocr_line' id='line_1_15' title="bbox 702 2193 2217 2276; baseline 0.005 -28"><span class='ocrx_word' id='word_1_175' title='bbox 702 2212 805 2272; x_wconf 65' lang='lat' dir='ltr'><strong>suaque</strong></span> <span class='ocrx_word' id='word_1_176' title='bbox 825 2193 941 2254; x_wconf 90' lang='lat' dir='ltr'><strong>minime</strong></span> <span class='ocrx_word' id='word_1_177' title='bbox 961 2198 1103 2274; x_wconf 84' lang='lat' dir='ltr'><strong>penetrat,</strong></span> <span class='ocrx_word' id='word_1_178' title='bbox 1125 2199 1155 2253; x_wconf 91' lang='lat' dir='ltr'><strong>ut</strong></span> <span class='ocrx_word' id='word_1_179' title='bbox 1175 2193 1234 2253; x_wconf 89' lang='lat' dir='ltr'><strong>illie</strong></span> <span class='ocrx_word' id='word_1_180' title='bbox 1254 2194 1344 2256; x_wconf 83' lang='lat' dir='ltr'><strong>delixa</strong></span> <span class='ocrx_word' id='word_1_181' title='bbox 1362 2195 1493 2267; x_wconf 82' lang='lat' dir='ltr'><strong>resideat,</strong></span> <span class='ocrx_word' id='word_1_182' title='bbox 1515 2201 1544 2257; x_wconf 89' lang='lat' dir='ltr'><strong>et</strong></span> <span class='ocrx_word' id='word_1_183' title='bbox 1563 2216 1729 2276; x_wconf 89' lang='lat' dir='ltr'><strong>quemquam</strong></span> <span class='ocrx_word' id='word_1_184' title='bbox 1747 2196 1853 2260; x_wconf 74' lang='lat' dir='ltr'><strong>radices</strong></span> <span class='ocrx_word' id='word_1_185' title='bbox 1873 2197 1963 2274; x_wconf 87' lang='lat' dir='ltr'><strong>egisse</strong></span> <span class='ocrx_word' id='word_1_186' title='bbox 1982 2195 2120 2258; x_wconf 85' lang='lat' dir='ltr'><strong>interdum</strong></span> <span class='ocrx_word' id='word_1_187' title='bbox 2139 2195 2217 2258; x_wconf 85' lang='lat' dir='ltr'><strong>aide·</strong></span> 
     </span>
     <span class='ocr_line' id='line_1_16' title="bbox 702 2281 2217 2380; baseline 0.003 -28"><span class='ocrx_word' id='word_1_188' title='bbox 702 2303 780 2368; x_wconf 77' lang='lat' dir='ltr'><strong>rtur,</strong></span> <span class='ocrx_word' id='word_1_189' title='bbox 812 2295 891 2356; x_wconf 80' lang='lat' dir='ltr'><strong>virae</strong></span> <span class='ocrx_word' id='word_1_190' title='bbox 911 2301 1004 2356; x_wconf 89' lang='lat' dir='ltr'><strong>tamea</strong></span> <span class='ocrx_word' id='word_1_191' title='bbox 1024 2296 1088 2356; x_wconf 86' lang='lat' dir='ltr'><strong>illae</strong></span> <span class='ocrx_word' id='word_1_192' title='bbox 1108 2313 1165 2355; x_wconf 87' lang='lat' dir='ltr'><strong>uon</strong></span> <span class='ocrx_word' id='word_1_193' title='bbox 1185 2295 1288 2369; x_wconf 87' lang='lat' dir='ltr'><strong>aunt&#39;&#39;,</strong></span> <span class='ocrx_word' id='word_1_194' title='bbox 1308 2295 1378 2357; x_wconf 89' lang='lat' dir='ltr'><strong>ibid.</strong></span> <span class='ocrx_word' id='word_1_195' title='bbox 1400 2317 1422 2358; x_wconf 91' lang='lat' dir='ltr'><strong>s.</strong></span> <span class='ocrx_word' id='word_1_196' title='bbox 1446 2302 1493 2358; x_wconf 89' lang='lat' dir='ltr'><strong>re.</strong></span> <span class='ocrx_word' id='word_1_197' title='bbox 1514 2331 1554 2344; x_wconf 91' lang='lat'><em>-</em></span> <span class='ocrx_word' id='word_1_198' title='bbox 1575 2299 1633 2360; x_wconf 84' lang='lat' dir='ltr'><strong>His</strong></span> <span class='ocrx_word' id='word_1_199' title='bbox 1653 2281 1812 2380; x_wconf 81' lang='lat' dir='ltr'><strong>praeeipuua</strong></span> <span class='ocrx_word' id='word_1_200' title='bbox 1833 2298 2000 2366; x_wconf 81' lang='lat' dir='ltr'><strong>fidei&#39;oardo</strong></span> <span class='ocrx_word' id='word_1_201' title='bbox 2020 2297 2153 2370; x_wconf 81' lang='lat' dir='ltr'><strong>vertitur,</strong></span> <span class='ocrx_word' id='word_1_202' title='bbox 2183 2318 2217 2357; x_wconf 86' lang='lat' dir='ltr'><strong>ue</strong></span> 
     </span>
     <span class='ocr_line' id='line_1_17' title="bbox 702 2397 2217 2480; baseline 0.004 -26"><span class='ocrx_word' id='word_1_203' title='bbox 702 2418 788 2478; x_wconf 72' lang='lat' dir='ltr'><strong>aquas</strong></span> <span class='ocrx_word' id='word_1_204' title='bbox 807 2397 943 2458; x_wconf 86' lang='lat' dir='ltr'><strong>Dominus</strong></span> <span class='ocrx_word' id='word_1_205' title='bbox 964 2397 1043 2458; x_wconf 85' lang='lat' dir='ltr'><strong>offert</strong></span> <span class='ocrx_word' id='word_1_206' title='bbox 1060 2397 1264 2459; x_wconf 77' lang='lat' dir='ltr'><strong>miseridordiae</strong></span> <span class='ocrx_word' id='word_1_207' title='bbox 1284 2399 1496 2480; x_wconf 84' lang='lat' dir='ltr'><strong>promissiones,</strong></span> <span class='ocrx_word' id='word_1_208' title='bbox 1518 2406 1596 2462; x_wconf 88' lang='lat' dir='ltr'><strong>extre</strong></span> <span class='ocrx_word' id='word_1_209' title='bbox 1616 2421 1668 2462; x_wconf 87' lang='lat' dir='ltr'><strong>nos</strong></span> <span class='ocrx_word' id='word_1_210' title='bbox 1687 2407 1794 2464; x_wconf 88' lang='lat' dir='ltr'><strong>tantum</strong></span> <span class='ocrx_word' id='word_1_211' title='bbox 1816 2422 1893 2464; x_wconf 83' lang='lat' dir='ltr'><strong>veras</strong></span> <span class='ocrx_word' id='word_1_212' title='bbox 1912 2422 1971 2464; x_wconf 89' lang='lat' dir='ltr'><strong>esse</strong></span> <span class='ocrx_word' id='word_1_213' title='bbox 1988 2401 2167 2473; x_wconf 86' lang='lat' dir='ltr'><strong>arbitremur,</strong></span> <span class='ocrx_word' id='word_1_214' title='bbox 2188 2402 2217 2461; x_wconf 90' lang='lat' dir='ltr'><strong>in</strong></span> 
     </span>
     <span class='ocr_line' id='line_1_18' title="bbox 702 2489 2218 2584; baseline 0.006 -29"><span class='ocrx_word' id='word_1_215' title='bbox 702 2489 801 2562; x_wconf 72' lang='lat' dir='ltr'><strong>inobia</strong></span> <span class='ocrx_word' id='word_1_216' title='bbox 825 2499 957 2560; x_wconf 87' lang='lat' dir='ltr'><strong>minime:</strong></span> <span class='ocrx_word' id='word_1_217' title='bbox 989 2499 1038 2561; x_wconf 89' lang='lat' dir='ltr'><strong>sed</strong></span> <span class='ocrx_word' id='word_1_218' title='bbox 1066 2505 1096 2560; x_wconf 90' lang='lat' dir='ltr'><strong>ut</strong></span> <span class='ocrx_word' id='word_1_219' title='bbox 1123 2501 1215 2581; x_wconf 89' lang='lat' dir='ltr'><strong>potius</strong></span> <span class='ocrx_word' id='word_1_220' title='bbox 1243 2520 1289 2562; x_wconf 88' lang='lat' dir='ltr'><strong>eas</strong></span> <span class='ocrx_word' id='word_1_221' title='bbox 1315 2501 1390 2564; x_wconf 89' lang='lat' dir='ltr'><strong>intus</strong></span> <span class='ocrx_word' id='word_1_222' title='bbox 1417 2502 1624 2584; x_wconf 83' lang='lat' dir='ltr'><strong>opmpleoteudo</strong></span> <span class='ocrx_word' id='word_1_223' title='bbox 1648 2509 1758 2564; x_wconf 89' lang='lat' dir='ltr'><strong>nostras</strong></span> <span class='ocrx_word' id='word_1_224' title='bbox 1778 2504 1947 2576; x_wconf 82' lang='lat' dir='ltr'><strong>faciemus&#39;&#39;,</strong></span> <span class='ocrx_word' id='word_1_225' title='bbox 1974 2504 2043 2564; x_wconf 90' lang='lat' dir='ltr'><strong>ibid.</strong></span> <span class='ocrx_word' id='word_1_226' title='bbox 2064 2524 2087 2566; x_wconf 94' lang='lat' dir='ltr'><strong>s.</strong></span> <span class='ocrx_word' id='word_1_227' title='bbox 2110 2509 2159 2565; x_wconf 86' lang='grc'><strong>16.</strong></span> <span class='ocrx_word' id='word_1_228' title='bbox 2179 2535 2218 2549; x_wconf 82' lang='grc'><strong>-</strong></span> 
     </span>
     <span class='ocr_line' id='line_1_19' title="bbox 701 2601 2219 2686; baseline 0.003 -22"><span class='ocrx_word' id='word_1_229' title='bbox 701 2604 781 2664; x_wconf 77' lang='lat' dir='ltr'><strong>aeNee</strong></span> <span class='ocrx_word' id='word_1_230' title='bbox 808 2603 874 2663; x_wconf 88' lang='lat' dir='ltr'><strong>satis</strong></span> <span class='ocrx_word' id='word_1_231' title='bbox 901 2601 1000 2675; x_wconf 82' lang='lat' dir='ltr'><strong>iuen&#39;t,</strong></span> <span class='ocrx_word' id='word_1_232' title='bbox 1027 2607 1150 2664; x_wconf 88' lang='lat' dir='ltr'><strong>mentem</strong></span> <span class='ocrx_word' id='word_1_233' title='bbox 1175 2623 1235 2665; x_wconf 89' lang='lat' dir='ltr'><strong>esse</strong></span> <span class='ocrx_word' id='word_1_234' title='bbox 1256 2602 1311 2665; x_wconf 91' lang='lat' dir='ltr'><strong>Dei</strong></span> <span class='ocrx_word' id='word_1_235' title='bbox 1331 2605 1435 2686; x_wconf 86' lang='lat' dir='ltr'><strong>Spiritu</strong></span> <span class='ocrx_word' id='word_1_236' title='bbox 1455 2605 1652 2678; x_wconf 85' lang='lat' dir='ltr'><strong>illuminatam,</strong></span> <span class='ocrx_word' id='word_1_237' title='bbox 1681 2605 1736 2666; x_wconf 92' lang='lat' dir='ltr'><strong>nisi</strong></span> <span class='ocrx_word' id='word_1_238' title='bbox 1756 2611 1785 2666; x_wconf 87' lang='lat' dir='ltr'><strong>et</strong></span> <span class='ocrx_word' id='word_1_239' title='bbox 1804 2604 1862 2666; x_wconf 89' lang='lat' dir='ltr'><strong>eius</strong></span> <span class='ocrx_word' id='word_1_240' title='bbox 1881 2606 1982 2668; x_wconf 77' lang='lat' dir='ltr'><strong>virtute</strong></span> <span class='ocrx_word' id='word_1_241' title='bbox 2002 2627 2050 2666; x_wconf 88' lang='lat' dir='ltr'><strong>eor</strong></span> <span class='ocrx_word' id='word_1_242' title='bbox 2070 2610 2219 2668; x_wconf 88' lang='lat' dir='ltr'><strong>offirmetur</strong></span> 
     </span>
     <span class='ocr_line' id='line_1_20' title="bbox 701 2695 2219 2788; baseline 0.003 -22"><span class='ocrx_word' id='word_1_243' title='bbox 701 2726 752 2766; x_wconf 77' lang='lat' dir='ltr'><strong>nae</strong></span> <span class='ocrx_word' id='word_1_244' title='bbox 777 2703 943 2777; x_wconf 77' lang='lat' dir='ltr'><strong>ldeistur’&#39;,</strong></span> <span class='ocrx_word' id='word_1_245' title='bbox 970 2704 1039 2765; x_wconf 90' lang='lat' dir='ltr'><strong>ibid.</strong></span> <span class='ocrx_word' id='word_1_246' title='bbox 1066 2725 1089 2765; x_wconf 90' lang='lat' dir='ltr'><strong>s.</strong></span> <span class='ocrx_word' id='word_1_247' title='bbox 1120 2709 1169 2766; x_wconf 83' lang='lat'><strong>88.</strong></span> <span class='ocrx_word' id='word_1_248' title='bbox 1195 2737 1236 2752; x_wconf 91' lang='lat'><em>-</em></span> <span class='ocrx_word' id='word_1_249' title='bbox 1266 2707 1382 2788; x_wconf 77' lang='lat' dir='ltr'><strong>uNeque</strong></span> <span class='ocrx_word' id='word_1_250' title='bbox 1408 2698 1483 2769; x_wconf 77' lang='lat' dir='ltr'><strong>enir&#39;u</strong></span> <span class='ocrx_word' id='word_1_251' title='bbox 1503 2709 1527 2768; x_wconf 91' lang='lat' dir='ltr'><strong>si</strong></span> <span class='ocrx_word' id='word_1_252' title='bbox 1546 2710 1577 2768; x_wconf 89' lang='lat' dir='ltr'><strong>in</strong></span> <span class='ocrx_word' id='word_1_253' title='bbox 1596 2695 1702 2768; x_wconf 82' lang='lat' dir='ltr'><strong>summo</strong></span> <span class='ocrx_word' id='word_1_254' title='bbox 1724 2708 1836 2768; x_wconf 80' lang='lat' dir='ltr'><strong>cerebro</strong></span> <span class='ocrx_word' id='word_1_255' title='bbox 1857 2709 1994 2768; x_wconf 66' lang='lat' dir='ltr'><strong>solantur</strong></span> <span class='ocrx_word' id='word_1_256' title='bbox 2012 2709 2066 2769; x_wconf 88' lang='lat' dir='ltr'><strong>Dei</strong></span> <span class='ocrx_word' id='word_1_257' title='bbox 2087 2710 2219 2781; x_wconf 91' lang='lat' dir='ltr'><strong>verbum,</strong></span> 
     </span>
     <span class='ocr_line' id='line_1_21' title="bbox 702 2807 2222 2892; baseline 0.006 -27"><span class='ocrx_word' id='word_1_258' title='bbox 702 2808 775 2868; x_wconf 74' lang='lat' dir='ltr'><strong>elide</strong></span> <span class='ocrx_word' id='word_1_259' title='bbox 804 2813 963 2888; x_wconf 87' lang='lat' dir='ltr'><strong>pereeptum</strong></span> <span class='ocrx_word' id='word_1_260' title='bbox 994 2813 1051 2869; x_wconf 89' lang='lat' dir='ltr'><strong>est:</strong></span> <span class='ocrx_word' id='word_1_261' title='bbox 1084 2807 1133 2869; x_wconf 91' lang='lat' dir='ltr'><strong>sed</strong></span> <span class='ocrx_word' id='word_1_262' title='bbox 1161 2809 1210 2868; x_wconf 91' lang='lat' dir='ltr'><strong>ubi</strong></span> <span class='ocrx_word' id='word_1_263' title='bbox 1236 2809 1267 2870; x_wconf 88' lang='lat' dir='ltr'><strong>in</strong></span> <span class='ocrx_word' id='word_1_264' title='bbox 1286 2809 1343 2871; x_wconf 87' lang='lat' dir='ltr'><strong>imo</strong></span> <span class='ocrx_word' id='word_1_265' title='bbox 1365 2810 1448 2872; x_wconf 87' lang='lat' dir='ltr'><strong>sorde</strong></span> <span class='ocrx_word' id='word_1_266' title='bbox 1468 2811 1573 2872; x_wconf 83' lang='lat' dir='ltr'><strong>radices</strong></span> <span class='ocrx_word' id='word_1_267' title='bbox 1592 2810 1666 2888; x_wconf 81' lang='lat' dir='ltr'><strong>egit,</strong></span> <span class='ocrx_word' id='word_1_268' title='bbox 1697 2815 1730 2870; x_wconf 91' lang='lat' dir='ltr'><strong>ut</strong></span> <span class='ocrx_word' id='word_1_269' title='bbox 1749 2808 1784 2870; x_wconf 89' lang='lat' dir='ltr'><strong>ad</strong></span> <span class='ocrx_word' id='word_1_270' title='bbox 1804 2809 1975 2871; x_wconf 88' lang='lat' dir='ltr'><strong>sustinendas</strong></span> <span class='ocrx_word' id='word_1_271' title='bbox 1995 2809 2222 2892; x_wconf 84' lang='lat' dir='ltr'><strong>sepeliendasque</strong></span> 
     </span>
     <span class='ocr_line' id='line_1_22' title="bbox 702 2911 2220 2996; baseline 0.005 -27"><span class='ocrx_word' id='word_1_272' title='bbox 702 2931 817 2972; x_wconf 67' lang='lat' dir='ltr'><strong>somnes</strong></span> <span class='ocrx_word' id='word_1_273' title='bbox 844 2911 1029 2973; x_wconf 87' lang='lat' dir='ltr'><strong>tentationum</strong></span> <span class='ocrx_word' id='word_1_274' title='bbox 1056 2912 1199 2973; x_wconf 85' lang='lat' dir='ltr'><strong>maehinae</strong></span> <span class='ocrx_word' id='word_1_275' title='bbox 1225 2912 1359 2975; x_wconf 78' lang='lat' dir='ltr'><strong>insistam</strong></span> <span class='ocrx_word' id='word_1_276' title='bbox 1385 2915 1422 2974; x_wconf 90' lang='lat' dir='ltr'><strong>ait</strong></span> <span class='ocrx_word' id='word_1_277' title='bbox 1440 2915 1672 2996; x_wconf 85' lang='lat' dir='ltr'><strong>propugnaculum</strong></span> <span class='ocrx_word' id='word_1_278' title='bbox 1680 2912 1711 2986; x_wconf 89' lang='lat'><strong>”,</strong></span> <span class='ocrx_word' id='word_1_279' title='bbox 1739 2912 1807 2974; x_wconf 91' lang='lat' dir='ltr'><strong>ibid.</strong></span> <span class='ocrx_word' id='word_1_280' title='bbox 1825 2931 1848 2973; x_wconf 90' lang='lat' dir='ltr'><strong>s.</strong></span> <span class='ocrx_word' id='word_1_281' title='bbox 1871 2917 1918 2973; x_wconf 79' lang='lat'><strong>36.</strong></span> <span class='ocrx_word' id='word_1_282' title='bbox 1938 2945 1980 2958; x_wconf 89' lang='lat'>-</span> <span class='ocrx_word' id='word_1_283' title='bbox 1999 2913 2085 2974; x_wconf 88' lang='lat' dir='ltr'><strong>Porro</strong></span> <span class='ocrx_word' id='word_1_284' title='bbox 2105 2915 2220 2992; x_wconf 84' lang='lat' dir='ltr'><strong>egregie</strong></span> 
     </span>
     <span class='ocr_line' id='line_1_23' title="bbox 699 3014 2219 3097; baseline 0.003 -23"><span class='ocrx_word' id='word_1_285' title='bbox 699 3014 799 3094; x_wconf 90' lang='lat' dir='ltr'><strong>probat</strong></span> <span class='ocrx_word' id='word_1_286' title='bbox 829 3014 997 3088; x_wconf 70' lang='lat' dir='ltr'><strong>ommni,</strong></span> <span class='ocrx_word' id='word_1_287' title='bbox 1020 3014 1112 3079; x_wconf 82' lang='lat' dir='ltr'><strong>tidem</strong></span> <span class='ocrx_word' id='word_1_288' title='bbox 1142 3035 1218 3097; x_wconf 88' lang='lat' dir='ltr'><strong>apem</strong></span> <span class='ocrx_word' id='word_1_289' title='bbox 1250 3035 1285 3076; x_wconf 85' lang='lat' dir='ltr'><strong>ex</strong></span> <span class='ocrx_word' id='word_1_290' title='bbox 1315 3037 1345 3078; x_wconf 88' lang='lat' dir='ltr'><strong>ss</strong></span> <span class='ocrx_word' id='word_1_291' title='bbox 1375 3017 1506 3095; x_wconf 79' lang='lat' dir='ltr'><strong>gignere,</strong></span> <span class='ocrx_word' id='word_1_292' title='bbox 1536 3017 1605 3079; x_wconf 91' lang='lat' dir='ltr'><strong>ibid.</strong></span> <span class='ocrx_word' id='word_1_293' title='bbox 1637 3037 1659 3077; x_wconf 91' lang='lat' dir='ltr'><strong>s.</strong></span> <span class='ocrx_word' id='word_1_294' title='bbox 1691 3021 1730 3077; x_wconf 71' lang='lat'><strong>42</strong></span> <span class='ocrx_word' id='word_1_295' title='bbox 1751 3036 1793 3095; x_wconf 93' lang='lat' dir='ltr'><strong>sq.</strong></span> <span class='ocrx_word' id='word_1_296' title='bbox 1813 3047 1853 3062; x_wconf 93' lang='grc'><strong>-</strong></span> <span class='ocrx_word' id='word_1_297' title='bbox 1873 3016 2000 3096; x_wconf 89' lang='lat' dir='ltr'><strong>Denique</strong></span> <span class='ocrx_word' id='word_1_298' title='bbox 2020 3017 2219 3097; x_wconf 88' lang='lat' dir='ltr'><strong>poenitentiam</strong></span> 
     </span>
     <span class='ocr_line' id='line_1_24' title="bbox 699 3117 2303 3200; baseline 0.001 -23"><span class='ocrx_word' id='word_1_299' title='bbox 699 3117 827 3196; x_wconf 89' lang='lat' dir='ltr'><strong>bonaque</strong></span> <span class='ocrx_word' id='word_1_300' title='bbox 846 3137 930 3198; x_wconf 87' lang='lat' dir='ltr'><strong>opera</strong></span> <span class='ocrx_word' id='word_1_301' title='bbox 949 3138 1007 3178; x_wconf 91' lang='lat' dir='ltr'><strong>nou</strong></span> <span class='ocrx_word' id='word_1_302' title='bbox 1026 3118 1110 3180; x_wconf 93' lang='lat' dir='ltr'><strong>modo</strong></span> <span class='ocrx_word' id='word_1_303' title='bbox 1131 3118 1216 3178; x_wconf 89' lang='lat' dir='ltr'><strong>fidem</strong></span> <span class='ocrx_word' id='word_1_304' title='bbox 1237 3119 1367 3180; x_wconf 79' lang='lat' dir='ltr'><strong>eoudnuo</strong></span> <span class='ocrx_word' id='word_1_305' title='bbox 1389 3121 1531 3200; x_wconf 87' lang='lat' dir='ltr'><strong>subsequi,</strong></span> <span class='ocrx_word' id='word_1_306' title='bbox 1554 3119 1654 3180; x_wconf 79' lang='lat' dir='ltr'><strong>seder</strong></span> <span class='ocrx_word' id='word_1_307' title='bbox 1671 3139 1704 3180; x_wconf 90' lang='lat' dir='ltr'><strong>ee</strong></span> <span class='ocrx_word' id='word_1_308' title='bbox 1720 3118 1797 3180; x_wconf 85' lang='lat' dir='ltr'><strong>nasei</strong></span> <span class='ocrx_word' id='word_1_309' title='bbox 1812 3119 1948 3199; x_wconf 80' lang='lat' dir='ltr'><strong>praeclare</strong></span> <span class='ocrx_word' id='word_1_310' title='bbox 1958 3118 2087 3199; x_wconf 87' lang='lat' dir='ltr'><strong>exponit,</strong></span> <span class='ocrx_word' id='word_1_311' title='bbox 2105 3117 2217 3179; x_wconf 84' lang='lat' dir='ltr'><strong>disens:</strong></span> <span class='ocrx_word' id='word_1_312' title='bbox 2300 3153 2303 3160; x_wconf 74' lang='lat'>‚</span> 
     </span>
     <span class='ocr_line' id='line_1_25' title="bbox 701 3217 2220 3303; baseline -0.001 -22"><span class='ocrx_word' id='word_1_313' title='bbox 701 3221 812 3281; x_wconf 69' lang='lat' dir='ltr'><strong>:Quum</strong></span> <span class='ocrx_word' id='word_1_314' title='bbox 839 3220 913 3281; x_wconf 89' lang='lat' dir='ltr'><strong>euim</strong></span> <span class='ocrx_word' id='word_1_315' title='bbox 942 3222 1022 3283; x_wconf 85' lang='lat' dir='ltr'><strong>renis</strong></span> <span class='ocrx_word' id='word_1_316' title='bbox 1046 3227 1075 3282; x_wconf 92' lang='lat' dir='ltr'><strong>et</strong></span> <span class='ocrx_word' id='word_1_317' title='bbox 1093 3221 1219 3282; x_wconf 89' lang='lat' dir='ltr'><strong>remissio</strong></span> <span class='ocrx_word' id='word_1_318' title='bbox 1239 3241 1288 3302; x_wconf 91' lang='lat' dir='ltr'><strong>per</strong></span> <span class='ocrx_word' id='word_1_319' title='bbox 1308 3222 1455 3300; x_wconf 80' lang='lat' dir='ltr'><strong>Evangelii</strong></span> <span class='ocrx_word' id='word_1_320' title='bbox 1476 3217 1709 3303; x_wconf 83' lang='lat' dir='ltr'><strong>praedicationem</strong></span> <span class='ocrx_word' id='word_1_321' title='bbox 1729 3221 1792 3282; x_wconf 92' lang='lat' dir='ltr'><strong>ideo</strong></span> <span class='ocrx_word' id='word_1_322' title='bbox 1812 3220 1956 3294; x_wconf 83' lang='lat' dir='ltr'><strong>offeratur,</strong></span> <span class='ocrx_word' id='word_1_323' title='bbox 1985 3226 2016 3282; x_wconf 87' lang='lat' dir='ltr'><strong>nt</strong></span> <span class='ocrx_word' id='word_1_324' title='bbox 2037 3241 2054 3280; x_wconf 90' lang='lat' dir='ltr'><strong>a</strong></span> <span class='ocrx_word' id='word_1_325' title='bbox 2073 3221 2220 3298; x_wconf 81' lang='lat' dir='ltr'><strong>tyrannide</strong></span> 
     </span>
     <span class='ocr_line' id='line_1_26' title="bbox 700 3307 2220 3405; baseline 0.003 -27"><span class='ocrx_word' id='word_1_326' title='bbox 700 3325 852 3397; x_wconf 69' lang='lat' dir='ltr'><strong>assianae,</strong></span> <span class='ocrx_word' id='word_1_327' title='bbox 872 3324 978 3404; x_wconf 70' lang='lat' dir='ltr'><strong>peremi</strong></span> <span class='ocrx_word' id='word_1_328' title='bbox 997 3324 1063 3402; x_wconf 83' lang='lat' dir='ltr'><strong>iugo</strong></span> <span class='ocrx_word' id='word_1_329' title='bbox 1084 3329 1113 3384; x_wconf 92' lang='lat' dir='ltr'><strong>et</strong></span> <span class='ocrx_word' id='word_1_330' title='bbox 1128 3323 1227 3383; x_wconf 84' lang='lat' dir='ltr'><strong>misera</strong></span> <span class='ocrx_word' id='word_1_331' title='bbox 1243 3324 1374 3385; x_wconf 81' lang='lat' dir='ltr'><strong>servitute</strong></span> <span class='ocrx_word' id='word_1_332' title='bbox 1393 3307 1523 3386; x_wconf 77' lang='lat' dir='ltr'><strong>vitiorum</strong></span> <span class='ocrx_word' id='word_1_333' title='bbox 1539 3326 1671 3386; x_wconf 88' lang='lat' dir='ltr'><strong>liberatus</strong></span> <span class='ocrx_word' id='word_1_334' title='bbox 1689 3326 1862 3405; x_wconf 79' lang='lat' dir='ltr'><strong>peccatoria</strong></span> <span class='ocrx_word' id='word_1_335' title='bbox 1878 3341 1995 3402; x_wconf 84' lang='lat' dir='ltr'><strong>regnum</strong></span> <span class='ocrx_word' id='word_1_336' title='bbox 2008 3324 2062 3385; x_wconf 92' lang='lat' dir='ltr'><strong>Dei</strong></span> <span class='ocrx_word' id='word_1_337' title='bbox 2079 3329 2220 3386; x_wconf 67' lang='lat' dir='ltr'><strong>transeat:</strong></span> 
     </span>
     <span class='ocr_line' id='line_1_27' title="bbox 702 3427 2221 3509; baseline -0.001 -21"><span class='ocrx_word' id='word_1_338' title='bbox 702 3433 793 3488; x_wconf 70' lang='lat' dir='ltr'><strong>resne</strong></span> <span class='ocrx_word' id='word_1_339' title='bbox 812 3427 958 3505; x_wconf 78' lang='lat' dir='ltr'><strong>Evangelii</strong></span> <span class='ocrx_word' id='word_1_340' title='bbox 978 3427 1098 3506; x_wconf 76' lang='lat' dir='ltr'><strong>gmtiam</strong></span> <span class='ocrx_word' id='word_1_341' title='bbox 1116 3446 1198 3488; x_wconf 84' lang='lat' dir='ltr'><strong>uerno</strong></span> <span class='ocrx_word' id='word_1_342' title='bbox 1218 3427 1347 3507; x_wconf 86' lang='lat' dir='ltr'><strong>amplecti</strong></span> <span class='ocrx_word' id='word_1_343' title='bbox 1364 3433 1470 3507; x_wconf 87' lang='lat' dir='ltr'><strong>potest,</strong></span> <span class='ocrx_word' id='word_1_344' title='bbox 1492 3429 1560 3507; x_wconf 87' lang='lat' dir='ltr'><strong>quin</strong></span> <span class='ocrx_word' id='word_1_345' title='bbox 1580 3448 1614 3490; x_wconf 85' lang='lat' dir='ltr'><strong>ex</strong></span> <span class='ocrx_word' id='word_1_346' title='bbox 1633 3428 1770 3488; x_wconf 89' lang='lat' dir='ltr'><strong>erroribus</strong></span> <span class='ocrx_word' id='word_1_347' title='bbox 1791 3427 1864 3489; x_wconf 85' lang='lat' dir='ltr'><strong>vitae</strong></span> <span class='ocrx_word' id='word_1_348' title='bbox 1883 3427 1981 3509; x_wconf 88' lang='lat' dir='ltr'><strong>prioris</strong></span> <span class='ocrx_word' id='word_1_349' title='bbox 1990 3427 2020 3486; x_wconf 92' lang='lat' dir='ltr'><strong>in</strong></span> <span class='ocrx_word' id='word_1_350' title='bbox 2031 3432 2133 3488; x_wconf 85' lang='lat' dir='ltr'><strong>rectem</strong></span> <span class='ocrx_word' id='word_1_351' title='bbox 2143 3427 2221 3486; x_wconf 84' lang='lat' dir='ltr'><strong>riam</strong></span> 
     </span>
     <span class='ocr_line' id='line_1_28' title="bbox 701 3527 2219 3612; baseline -0.001 -21"><span class='ocrx_word' id='word_1_352' title='bbox 701 3549 749 3591; x_wconf 78' lang='lat' dir='ltr'><strong>nse</strong></span> <span class='ocrx_word' id='word_1_353' title='bbox 767 3528 897 3610; x_wconf 82' lang='lat' dir='ltr'><strong>resipiat,</strong></span> <span class='ocrx_word' id='word_1_354' title='bbox 918 3536 1060 3610; x_wconf 90' lang='lat' dir='ltr'><strong>totumque</strong></span> <span class='ocrx_word' id='word_1_355' title='bbox 1081 3549 1159 3592; x_wconf 90' lang='lat' dir='ltr'><strong>suum</strong></span> <span class='ocrx_word' id='word_1_356' title='bbox 1176 3528 1298 3590; x_wconf 85' lang='lat' dir='ltr'><strong>studium</strong></span> <span class='ocrx_word' id='word_1_357' title='bbox 1316 3530 1434 3611; x_wconf 77' lang='lat' dir='ltr'><strong>applicet</strong></span> <span class='ocrx_word' id='word_1_358' title='bbox 1451 3529 1487 3590; x_wconf 90' lang='lat' dir='ltr'><strong>ad</strong></span> <span class='ocrx_word' id='word_1_359' title='bbox 1504 3531 1689 3612; x_wconf 89' lang='lat' dir='ltr'><strong>poenitentiae</strong></span> <span class='ocrx_word' id='word_1_360' title='bbox 1705 3529 1912 3592; x_wconf 90' lang='lat' dir='ltr'><strong>meditationem</strong></span> <span class='ocrx_word' id='word_1_361' title='bbox 1919 3529 1949 3603; x_wconf 85' lang='lat'><strong>&#39;’,</strong></span> <span class='ocrx_word' id='word_1_362' title='bbox 1968 3527 2035 3588; x_wconf 90' lang='lat' dir='ltr'><strong>ibid.</strong></span> <span class='ocrx_word' id='word_1_363' title='bbox 2047 3548 2072 3589; x_wconf 87' lang='lat' dir='ltr'><strong>o.</strong></span> <span class='ocrx_word' id='word_1_364' title='bbox 2082 3529 2142 3588; x_wconf 91' lang='lat'><strong>111.</strong></span> <span class='ocrx_word' id='word_1_365' title='bbox 2152 3549 2177 3588; x_wconf 91' lang='lat' dir='ltr'><strong>s.</strong></span> <span class='ocrx_word' id='word_1_366' title='bbox 2190 3533 2219 3590; x_wconf 90' lang='lat'><strong>1.</strong></span> 
     </span>
     <span class='ocr_line' id='line_1_29' title="bbox 741 3631 2217 3710; baseline 0.001 -19"><span class='ocrx_word' id='word_1_367' title='bbox 741 3635 814 3707; x_wconf 79' lang='lat'>120)</span> <span class='ocrx_word' id='word_1_368' title='bbox 834 3632 956 3708; x_wconf 79' lang='lat' dir='ltr'><strong>Egregie</strong></span> <span class='ocrx_word' id='word_1_369' title='bbox 983 3635 1141 3693; x_wconf 80' lang='lat' dir='ltr'><strong>Souanxau</strong></span> <span class='ocrx_word' id='word_1_370' title='bbox 1166 3631 1197 3691; x_wconf 90' lang='lat' dir='ltr'><strong>iu</strong></span> <span class='ocrx_word' id='word_1_371' title='bbox 1233 3633 1327 3692; x_wconf 72' lang='lat' dir='ltr'><strong>ilaei.</strong></span> <span class='ocrx_word' id='word_1_372' title='bbox 1354 3634 1433 3694; x_wconf 74' lang='lat' dir='ltr'><strong>stad.</strong></span> <span class='ocrx_word' id='word_1_373' title='bbox 1458 3653 1486 3693; x_wconf 84' lang='lat' dir='ltr'><strong>a.</strong></span> <span class='ocrx_word' id='word_1_374' title='bbox 1506 3633 1587 3694; x_wconf 82' lang='lat' dir='ltr'><strong>Krit.</strong></span> <span class='ocrx_word' id='word_1_375' title='bbox 1609 3637 1684 3694; x_wconf 81' lang='lat' dir='ltr'><strong>lass</strong></span> <span class='ocrx_word' id='word_1_376' title='bbox 1706 3635 1732 3695; x_wconf 88' lang='lat' dir='ltr'>L</span> <span class='ocrx_word' id='word_1_377' title='bbox 1754 3637 1806 3694; x_wconf 82' lang='lat'><strong>55:</strong></span> <span class='ocrx_word' id='word_1_378' title='bbox 1840 3633 1916 3694; x_wconf 76' lang='lat' dir='ltr'><strong>nDer</strong></span> <span class='ocrx_word' id='word_1_379' title='bbox 1935 3631 2077 3704; x_wconf 82' lang='lat' dir='ltr'><strong>Glaube”,</strong></span> <span class='ocrx_word' id='word_1_380' title='bbox 2108 3631 2217 3710; x_wconf 87' lang='lat' dir='ltr'><strong>iuquit,</strong></span> 
     </span>
     <span class='ocr_line' id='line_1_30' title="bbox 701 3733 2216 3822; baseline 0.001 -30"><span class='ocrx_word' id='word_1_381' title='bbox 701 3733 758 3792; x_wconf 76' lang='lat' dir='ltr'><strong>nim</strong></span> <span class='ocrx_word' id='word_1_382' title='bbox 785 3734 996 3809; x_wconf 80' lang='lat' dir='ltr'><strong>evangeliaehen</strong></span> <span class='ocrx_word' id='word_1_383' title='bbox 1024 3734 1130 3794; x_wconf 81' lang='lat' dir='ltr'><strong>Sinuen</strong></span> <span class='ocrx_word' id='word_1_384' title='bbox 1157 3733 1206 3794; x_wconf 90' lang='lat' dir='ltr'><strong>des</strong></span> <span class='ocrx_word' id='word_1_385' title='bbox 1235 3733 1346 3795; x_wconf 84' lang='lat' dir='ltr'><strong>Wortes</strong></span> <span class='ocrx_word' id='word_1_386' title='bbox 1374 3735 1479 3796; x_wconf 83' lang='lat' dir='ltr'><strong>honute</strong></span> <span class='ocrx_word' id='word_1_387' title='bbox 1500 3736 1575 3796; x_wconf 88' lang='lat' dir='ltr'><strong>seiae</strong></span> <span class='ocrx_word' id='word_1_388' title='bbox 1596 3735 1761 3814; x_wconf 84' lang='lat' dir='ltr'><strong>Bedautung</strong></span> <span class='ocrx_word' id='word_1_389' title='bbox 1780 3739 1836 3796; x_wconf 86' lang='lat' dir='ltr'><strong>erat</strong></span> <span class='ocrx_word' id='word_1_390' title='bbox 1856 3734 1930 3795; x_wconf 88' lang='lat' dir='ltr'><strong>daun</strong></span> <span class='ocrx_word' id='word_1_391' title='bbox 1950 3733 2055 3822; x_wconf 26' lang='lat' dir='ltr'><strong>wieder!</strong></span> <span class='ocrx_word' id='word_1_392' title='bbox 2069 3735 2216 3810; x_wconf 88' lang='lat' dir='ltr'><strong>erlangeu,</strong></span> 
     </span>
     <span class='ocr_line' id='line_1_31' title="bbox 701 3831 2216 3915; baseline -0.002 -20"><span class='ocrx_word' id='word_1_393' title='bbox 701 3831 856 3895; x_wconf 80' lang='lat' dir='ltr'><strong>uuaehdem</strong></span> <span class='ocrx_word' id='word_1_394' title='bbox 883 3834 1009 3894; x_wconf 87' lang='lat' dir='ltr'><strong>Christus</strong></span> <span class='ocrx_word' id='word_1_395' title='bbox 1036 3835 1136 3894; x_wconf 78' lang='lat' dir='ltr'><strong>wieder</strong></span> <span class='ocrx_word' id='word_1_396' title='bbox 1155 3837 1196 3894; x_wconf 89' lang='lat' dir='ltr'><strong>als</strong></span> <span class='ocrx_word' id='word_1_397' title='bbox 1216 3835 1265 3896; x_wconf 89' lang='lat' dir='ltr'><strong>das</strong></span> <span class='ocrx_word' id='word_1_398' title='bbox 1286 3837 1414 3915; x_wconf 87' lang='lat' dir='ltr'><strong>alleiuige</strong></span> <span class='ocrx_word' id='word_1_399' title='bbox 1434 3838 1502 3900; x_wconf 91' lang='lat' dir='ltr'><strong>Heil</strong></span> <span class='ocrx_word' id='word_1_400' title='bbox 1524 3839 1642 3902; x_wconf 74' lang='lat' dir='ltr'><strong>ernanus</strong></span> <span class='ocrx_word' id='word_1_401' title='bbox 1662 3857 1725 3899; x_wconf 87' lang='lat' dir='ltr'><strong>nar.</strong></span> <span class='ocrx_word' id='word_1_402' title='bbox 1765 3839 1820 3898; x_wconf 85' lang='lat' dir='ltr'><strong>We</strong></span> <span class='ocrx_word' id='word_1_403' title='bbox 1840 3837 1885 3898; x_wconf 89' lang='lat' dir='ltr'><strong>die</strong></span> <span class='ocrx_word' id='word_1_404' title='bbox 1904 3835 2090 3898; x_wconf 81' lang='lat' dir='ltr'><strong>liskenutuiss</strong></span> <span class='ocrx_word' id='word_1_405' title='bbox 2112 3834 2216 3895; x_wconf 83' lang='lat' dir='ltr'><strong>Christi</strong></span> 
     </span>
     <span class='ocr_line' id='line_1_32' title="bbox 702 3935 1733 4017; baseline 0.01 -27"><span class='ocrx_word' id='word_1_406' title='bbox 702 3936 804 4008; x_wconf 70' lang='lat' dir='ltr'><strong>naun,</strong></span> <span class='ocrx_word' id='word_1_407' title='bbox 825 3935 862 3996; x_wconf 90' lang='lat' dir='ltr'><strong>da</strong></span> <span class='ocrx_word' id='word_1_408' title='bbox 880 3935 948 3996; x_wconf 84' lang='lat' dir='ltr'><strong>trifft</strong></span> <span class='ocrx_word' id='word_1_409' title='bbox 967 3936 1014 3996; x_wconf 90' lang='lat' dir='ltr'><strong>die</strong></span> <span class='ocrx_word' id='word_1_410' title='bbox 1034 3936 1323 4017; x_wconf 85' lang='lat' dir='ltr'><strong>Genisseussrregung</strong></span> <span class='ocrx_word' id='word_1_411' title='bbox 1342 3941 1393 4000; x_wconf 83' lang='lat' dir='ltr'><strong>auf</strong></span> <span class='ocrx_word' id='word_1_412' title='bbox 1408 3940 1454 4000; x_wconf 91' lang='lat' dir='ltr'><strong>ein</strong></span> <span class='ocrx_word' id='word_1_413' title='bbox 1467 3944 1595 4015; x_wconf 75' lang='lat' dir='ltr'><strong>solerter</strong></span> <span class='ocrx_word' id='word_1_414' title='bbox 1618 3941 1733 4016; x_wconf 68' lang='lat' dir='ltr'><strong>Obiect’³</strong></span> 
     </span>
     <span class='ocr_line' id='line_1_33' title="bbox 712 4035 2216 4122; baseline 0 -24"><span class='ocrx_word' id='word_1_415' title='bbox 712 4118 715 4122; x_wconf 14' lang='lat' dir='ltr'><em>A</em></span> <span class='ocrx_word' id='word_1_416' title='bbox 741 4035 815 4118; x_wconf 81' lang='lat'>121)</span> <span class='ocrx_word' id='word_1_417' title='bbox 832 4039 925 4099; x_wconf 89' lang='lat' dir='ltr'><strong>Unam</strong></span> <span class='ocrx_word' id='word_1_418' title='bbox 950 4038 1060 4100; x_wconf 88' lang='lat' dir='ltr'><strong>laudere</strong></span> <span class='ocrx_word' id='word_1_419' title='bbox 1087 4039 1165 4099; x_wconf 87' lang='lat' dir='ltr'><strong>iurat</strong></span> <span class='ocrx_word' id='word_1_420' title='bbox 1188 4041 1388 4116; x_wconf 55' lang='lat' dir='ltr'><strong>marimo</strong></span> <span class='ocrx_word' id='word_1_421' title='bbox 1408 4045 1598 4119; x_wconf 73' lang='lat' dir='ltr'><strong>Argentanum</strong></span> <span class='ocrx_word' id='word_1_422' title='bbox 1619 4049 1647 4104; x_wconf 88' lang='lat' dir='ltr'><strong>et</strong></span> <span class='ocrx_word' id='word_1_423' title='bbox 1670 4048 1750 4121; x_wconf 57' lang='grc' dir='ltr'><strong>θον.</strong></span> <span class='ocrx_word' id='word_1_424' title='bbox 1770 4044 1918 4120; x_wconf 66' lang='lat' dir='ltr'><strong>Belgicam.</strong></span> <span class='ocrx_word' id='word_1_425' title='bbox 1957 4043 2026 4102; x_wconf 85' lang='lat' dir='ltr'><strong>Illa:</strong></span> <span class='ocrx_word' id='word_1_426' title='bbox 2051 4039 2216 4101; x_wconf 77' lang='lat' dir='ltr'><strong>eadmonea-</strong></span> 
     </span>
     <span class='ocr_line' id='line_1_34' title="bbox 701 4141 2215 4224; baseline 0.004 -26"><span class='ocrx_word' id='word_1_427' title='bbox 701 4141 802 4215; x_wconf 74' lang='lat' dir='ltr'><strong>0tur”,</strong></span> <span class='ocrx_word' id='word_1_428' title='bbox 831 4142 938 4222; x_wconf 89' lang='lat' dir='ltr'><strong>inquit,</strong></span> <span class='ocrx_word' id='word_1_429' title='bbox 969 4142 1130 4214; x_wconf 84' lang='lat' dir='ltr'><strong>rhomiues,</strong></span> <span class='ocrx_word' id='word_1_430' title='bbox 1161 4141 1236 4222; x_wconf 89' lang='lat' dir='ltr'><strong>qaod</strong></span> <span class='ocrx_word' id='word_1_431' title='bbox 1264 4143 1312 4206; x_wconf 89' lang='lat' dir='ltr'><strong>hie</strong></span> <span class='ocrx_word' id='word_1_432' title='bbox 1338 4165 1440 4206; x_wconf 89' lang='lat' dir='ltr'><strong>nomen</strong></span> <span class='ocrx_word' id='word_1_433' title='bbox 1467 4145 1533 4208; x_wconf 84' lang='lat' dir='ltr'><strong>fidei</strong></span> <span class='ocrx_word' id='word_1_434' title='bbox 1561 4166 1617 4208; x_wconf 89' lang='lat' dir='ltr'><strong>non</strong></span> <span class='ocrx_word' id='word_1_435' title='bbox 1638 4146 1903 4224; x_wconf 84' lang='lat' dir='ltr'><strong>signitiaettautum</strong></span> <span class='ocrx_word' id='word_1_436' title='bbox 1920 4143 2050 4206; x_wconf 81' lang='lat' dir='ltr'><strong>historiae</strong></span> <span class='ocrx_word' id='word_1_437' title='bbox 2071 4144 2215 4214; x_wconf 86' lang='lat' dir='ltr'><strong>notitiem,</strong></span> 
     </span>
     <span class='ocr_line' id='line_1_35' title="bbox 702 4243 2215 4328; baseline -0.001 -21"><span class='ocrx_word' id='word_1_438' title='bbox 702 4243 807 4325; x_wconf 74' lang='lat' dir='ltr'><strong>aqualis</strong></span> <span class='ocrx_word' id='word_1_439' title='bbox 824 4245 914 4307; x_wconf 87' lang='lat' dir='ltr'><strong>estin</strong></span> <span class='ocrx_word' id='word_1_440' title='bbox 930 4244 1023 4326; x_wconf 90' lang='lat' dir='ltr'><strong>impiis</strong></span> <span class='ocrx_word' id='word_1_441' title='bbox 1041 4251 1070 4307; x_wconf 91' lang='lat' dir='ltr'><strong>et</strong></span> <span class='ocrx_word' id='word_1_442' title='bbox 1089 4244 1218 4316; x_wconf 87' lang='lat' dir='ltr'><strong>diabolo,</strong></span> <span class='ocrx_word' id='word_1_443' title='bbox 1241 4245 1289 4306; x_wconf 88' lang='lat' dir='ltr'><strong>sed</strong></span> <span class='ocrx_word' id='word_1_444' title='bbox 1310 4248 1446 4326; x_wconf 85' lang='lat' dir='ltr'><strong>signifieat</strong></span> <span class='ocrx_word' id='word_1_445' title='bbox 1465 4248 1564 4322; x_wconf 90' lang='lat' dir='ltr'><strong>tidem,</strong></span> <span class='ocrx_word' id='word_1_446' title='bbox 1586 4268 1657 4328; x_wconf 88' lang='lat' dir='ltr'><strong>quae</strong></span> <span class='ocrx_word' id='word_1_447' title='bbox 1677 4248 1764 4310; x_wconf 87' lang='lat' dir='ltr'><strong>credit</strong></span> <span class='ocrx_word' id='word_1_448' title='bbox 1780 4267 1838 4308; x_wconf 90' lang='lat' dir='ltr'><strong>non</strong></span> <span class='ocrx_word' id='word_1_449' title='bbox 1858 4253 1966 4310; x_wconf 88' lang='lat' dir='ltr'><strong>tantum</strong></span> <span class='ocrx_word' id='word_1_450' title='bbox 1983 4247 2146 4317; x_wconf 88' lang='lat' dir='ltr'><strong>historiam,</strong></span> <span class='ocrx_word' id='word_1_451' title='bbox 2170 4245 2215 4306; x_wconf 91' lang='lat' dir='ltr'><strong>sed</strong></span> 
     </span>
     <span class='ocr_line' id='line_1_36' title="bbox 701 4347 2216 4431; baseline -0.002 -22"><span class='ocrx_word' id='word_1_452' title='bbox 701 4348 803 4409; x_wconf 77' lang='lat' dir='ltr'><strong>retiam</strong></span> <span class='ocrx_word' id='word_1_453' title='bbox 822 4347 948 4409; x_wconf 82' lang='lat' dir='ltr'><strong>affectum</strong></span> <span class='ocrx_word' id='word_1_454' title='bbox 968 4349 1114 4422; x_wconf 88' lang='lat' dir='ltr'><strong>historiae,</strong></span> <span class='ocrx_word' id='word_1_455' title='bbox 1143 4348 1272 4410; x_wconf 77' lang='lat' dir='ltr'><strong>videlieet</strong></span> <span class='ocrx_word' id='word_1_456' title='bbox 1289 4351 1363 4412; x_wconf 89' lang='lat' dir='ltr'><strong>hune</strong></span> <span class='ocrx_word' id='word_1_457' title='bbox 1384 4347 1546 4414; x_wconf 82' lang='lat' dir='ltr'><strong>articulamr</strong></span> <span class='ocrx_word' id='word_1_458' title='bbox 1572 4351 1760 4412; x_wconf 87' lang='lat' dir='ltr'><strong>remissionem</strong></span> <span class='ocrx_word' id='word_1_459' title='bbox 1780 4357 1968 4431; x_wconf 78' lang='lat' dir='ltr'><strong>pennatorum,</strong></span> <span class='ocrx_word' id='word_1_460' title='bbox 1995 4349 2067 4430; x_wconf 89' lang='lat' dir='ltr'><strong>qaod</strong></span> <span class='ocrx_word' id='word_1_461' title='bbox 2088 4348 2216 4410; x_wconf 85' lang='lat' dir='ltr'><strong>videlieet</strong></span> 
     </span>
     <span class='ocr_line' id='line_1_37' title="bbox 699 4448 2216 4531; baseline 0.002 -26"><span class='ocrx_word' id='word_1_462' title='bbox 699 4471 766 4531; x_wconf 70' lang='lat' dir='ltr'><strong>aper</strong></span> <span class='ocrx_word' id='word_1_463' title='bbox 787 4449 930 4511; x_wconf 86' lang='lat' dir='ltr'><strong>Obriatam</strong></span> <span class='ocrx_word' id='word_1_464' title='bbox 950 4451 1100 4512; x_wconf 87' lang='lat' dir='ltr'><strong>habeamus</strong></span> <span class='ocrx_word' id='word_1_465' title='bbox 1120 4448 1255 4528; x_wconf 63' lang='lat' dir='ltr'><strong>gratiam</strong></span> <span class='ocrx_word' id='word_1_466' title='bbox 1278 4452 1410 4514; x_wconf 87' lang='lat' dir='ltr'><strong>iustitiam</strong></span> <span class='ocrx_word' id='word_1_467' title='bbox 1431 4459 1459 4514; x_wconf 88' lang='lat' dir='ltr'><strong>et</strong></span> <span class='ocrx_word' id='word_1_468' title='bbox 1479 4451 1667 4514; x_wconf 88' lang='lat' dir='ltr'><strong>remissionem</strong></span> <span class='ocrx_word' id='word_1_469' title='bbox 1688 4456 1870 4531; x_wconf 80' lang='lat' dir='ltr'><strong>pennatorum.</strong></span> <span class='ocrx_word' id='word_1_470' title='bbox 1900 4452 1962 4510; x_wconf 92' lang='lat' dir='ltr'><strong>Iam</strong></span> <span class='ocrx_word' id='word_1_471' title='bbox 1979 4451 2027 4528; x_wconf 91' lang='lat' dir='ltr'><strong>qui</strong></span> <span class='ocrx_word' id='word_1_472' title='bbox 2043 4449 2109 4521; x_wconf 89' lang='lat' dir='ltr'><strong>seit,</strong></span> <span class='ocrx_word' id='word_1_473' title='bbox 2128 4467 2216 4528; x_wconf 88' lang='lat' dir='ltr'><strong>seper</strong></span> 
     </span>
     <span class='ocr_line' id='line_1_38' title="bbox 699 4553 2213 4637; baseline -0.004 -21"><span class='ocrx_word' id='word_1_474' title='bbox 699 4555 859 4616; x_wconf 67' lang='lat' dir='ltr'><strong>:Christum</strong></span> <span class='ocrx_word' id='word_1_475' title='bbox 879 4556 982 4617; x_wconf 86' lang='lat' dir='ltr'><strong>bebere</strong></span> <span class='ocrx_word' id='word_1_476' title='bbox 1003 4555 1152 4637; x_wconf 90' lang='lat' dir='ltr'><strong>propitium</strong></span> <span class='ocrx_word' id='word_1_477' title='bbox 1173 4555 1299 4627; x_wconf 87' lang='lat' dir='ltr'><strong>Patrem,</strong></span> <span class='ocrx_word' id='word_1_478' title='bbox 1320 4555 1345 4615; x_wconf 89' lang='lat' dir='ltr'><strong>is</strong></span> <span class='ocrx_word' id='word_1_479' title='bbox 1364 4576 1428 4616; x_wconf 87' lang='lat' dir='ltr'><strong>vers</strong></span> <span class='ocrx_word' id='word_1_480' title='bbox 1445 4555 1524 4616; x_wconf 85' lang='lat' dir='ltr'><strong>novit</strong></span> <span class='ocrx_word' id='word_1_481' title='bbox 1539 4553 1645 4625; x_wconf 91' lang='lat' dir='ltr'><strong>Deum,</strong></span> <span class='ocrx_word' id='word_1_482' title='bbox 1668 4553 1721 4616; x_wconf 91' lang='lat' dir='ltr'><strong>seit</strong></span> <span class='ocrx_word' id='word_1_483' title='bbox 1738 4573 1767 4614; x_wconf 94' lang='lat' dir='ltr'><strong>se</strong></span> <span class='ocrx_word' id='word_1_484' title='bbox 1784 4554 1810 4614; x_wconf 89' lang='lat' dir='ltr'><strong>ei</strong></span> <span class='ocrx_word' id='word_1_485' title='bbox 1827 4573 1906 4614; x_wconf 90' lang='lat' dir='ltr'><strong>eurae</strong></span> <span class='ocrx_word' id='word_1_486' title='bbox 1922 4573 1996 4625; x_wconf 88' lang='lat' dir='ltr'><strong>esse,</strong></span> <span class='ocrx_word' id='word_1_487' title='bbox 2017 4554 2213 4626; x_wconf 73' lang='lat' dir='ltr'><strong>invocatam,</strong></span> 
     </span>
     <span class='ocr_line' id='line_1_39' title="bbox 700 4653 2214 4738; baseline -0.004 -20"><span class='ocrx_word' id='word_1_488' title='bbox 700 4659 836 4738; x_wconf 78' lang='lat' dir='ltr'><strong>udenique</strong></span> <span class='ocrx_word' id='word_1_489' title='bbox 861 4679 921 4719; x_wconf 91' lang='lat' dir='ltr'><strong>non</strong></span> <span class='ocrx_word' id='word_1_490' title='bbox 947 4664 992 4720; x_wconf 86' lang='lat' dir='ltr'><strong>eat</strong></span> <span class='ocrx_word' id='word_1_491' title='bbox 1018 4661 1078 4722; x_wconf 88' lang='lat' dir='ltr'><strong>sina</strong></span> <span class='ocrx_word' id='word_1_492' title='bbox 1104 4660 1166 4722; x_wconf 90' lang='lat' dir='ltr'><strong>Deo</strong></span> <span class='ocrx_word' id='word_1_493' title='bbox 1192 4658 1263 4720; x_wconf 87' lang='lat' dir='ltr'><strong>siout</strong></span> <span class='ocrx_word' id='word_1_494' title='bbox 1283 4657 1411 4736; x_wconf 65' lang='lat' dir='ltr'><strong>gentesr’</strong></span> <span class='ocrx_word' id='word_1_495' title='bbox 1451 4657 1537 4716; x_wconf 91' lang='lat' dir='ltr'><strong>Porro</strong></span> <span class='ocrx_word' id='word_1_496' title='bbox 1558 4661 1689 4738; x_wconf 84' lang='lat' dir='ltr'><strong>proruent</strong></span> <span class='ocrx_word' id='word_1_497' title='bbox 1709 4655 1744 4716; x_wconf 90' lang='lat' dir='ltr'><strong>ad</strong></span> <span class='ocrx_word' id='word_1_498' title='bbox 1763 4661 1979 4730; x_wconf 82' lang='lat' dir='ltr'><strong>Aususrrnurs,</strong></span> <span class='ocrx_word' id='word_1_499' title='bbox 2008 4655 2057 4736; x_wconf 89' lang='lat' dir='ltr'><strong>qui</strong></span> <span class='ocrx_word' id='word_1_500' title='bbox 2079 4653 2130 4714; x_wconf 74' lang='lat' dir='ltr'><strong>ede</strong></span> <span class='ocrx_word' id='word_1_501' title='bbox 2151 4653 2214 4714; x_wconf 89' lang='lat' dir='ltr'><strong>fidei</strong></span> 
     </span>
     <span class='ocr_line' id='line_1_40' title="bbox 699 4758 2215 4840; baseline -0.003 -20"><span class='ocrx_word' id='word_1_502' title='bbox 699 4760 829 4820; x_wconf 74' lang='lat' dir='ltr'><strong>nnonine</strong></span> <span class='ocrx_word' id='word_1_503' title='bbox 852 4761 906 4820; x_wconf 87' lang='lat' dir='ltr'><strong>hoe</strong></span> <span class='ocrx_word' id='word_1_504' title='bbox 934 4761 1019 4822; x_wconf 90' lang='lat' dir='ltr'><strong>modo</strong></span> <span class='ocrx_word' id='word_1_505' title='bbox 1049 4763 1180 4824; x_wconf 87' lang='lat' dir='ltr'><strong>admouet</strong></span> <span class='ocrx_word' id='word_1_506' title='bbox 1207 4764 1355 4834; x_wconf 80' lang='lat' dir='ltr'><strong>lablorem,</strong></span> <span class='ocrx_word' id='word_1_507' title='bbox 1382 4765 1412 4821; x_wconf 85' lang='lat' dir='ltr'><strong>st</strong></span> <span class='ocrx_word' id='word_1_508' title='bbox 1434 4759 1530 4833; x_wconf 83' lang='lat' dir='ltr'><strong>donet,</strong></span> <span class='ocrx_word' id='word_1_509' title='bbox 1557 4762 1588 4821; x_wconf 90' lang='lat' dir='ltr'><strong>in</strong></span> <span class='ocrx_word' id='word_1_510' title='bbox 1609 4759 1756 4840; x_wconf 72' lang='lat' dir='ltr'><strong>seripturis</strong></span> <span class='ocrx_word' id='word_1_511' title='bbox 1776 4781 1877 4821; x_wconf 88' lang='lat' dir='ltr'><strong>nomen</strong></span> <span class='ocrx_word' id='word_1_512' title='bbox 1896 4758 1960 4819; x_wconf 86' lang='lat' dir='ltr'><strong>fidei</strong></span> <span class='ocrx_word' id='word_1_513' title='bbox 1981 4759 2069 4838; x_wconf 84' lang='lat' dir='ltr'><strong>seoipi</strong></span> <span class='ocrx_word' id='word_1_514' title='bbox 2088 4777 2145 4818; x_wconf 91' lang='lat' dir='ltr'><strong>nou</strong></span> <span class='ocrx_word' id='word_1_515' title='bbox 2166 4776 2215 4836; x_wconf 91' lang='lat' dir='ltr'><strong>pro</strong></span> 
     </span>
     <span class='ocr_line' id='line_1_41' title="bbox 699 4857 2211 4947; baseline -0.001 -24"><span class='ocrx_word' id='word_1_516' title='bbox 699 4862 834 4936; x_wconf 74' lang='lat' dir='ltr'><strong>taetitia,</strong></span> <span class='ocrx_word' id='word_1_517' title='bbox 863 4863 951 4942; x_wconf 88' lang='lat' dir='ltr'><strong>qualis</strong></span> <span class='ocrx_word' id='word_1_518' title='bbox 969 4870 1013 4928; x_wconf 89' lang='lat' dir='ltr'><strong>eat</strong></span> <span class='ocrx_word' id='word_1_519' title='bbox 1031 4866 1062 4927; x_wconf 92' lang='lat' dir='ltr'><strong>in</strong></span> <span class='ocrx_word' id='word_1_520' title='bbox 1082 4864 1193 4947; x_wconf 89' lang='lat' dir='ltr'><strong>impiis,</strong></span> <span class='ocrx_word' id='word_1_521' title='bbox 1219 4864 1269 4928; x_wconf 89' lang='lat' dir='ltr'><strong>sed</strong></span> <span class='ocrx_word' id='word_1_522' title='bbox 1288 4883 1337 4946; x_wconf 89' lang='lat' dir='ltr'><strong>pro</strong></span> <span class='ocrx_word' id='word_1_523' title='bbox 1353 4863 1472 4939; x_wconf 81' lang='lat' dir='ltr'><strong>ddueia,</strong></span> <span class='ocrx_word' id='word_1_524' title='bbox 1493 4884 1563 4943; x_wconf 84' lang='lat' dir='ltr'><strong>quae</strong></span> <span class='ocrx_word' id='word_1_525' title='bbox 1583 4867 1740 4928; x_wconf 88' lang='lat' dir='ltr'><strong>eonaolatur</strong></span> <span class='ocrx_word' id='word_1_526' title='bbox 1759 4869 1788 4924; x_wconf 89' lang='lat' dir='ltr'><strong>et</strong></span> <span class='ocrx_word' id='word_1_527' title='bbox 1808 4863 1890 4940; x_wconf 87' lang='lat' dir='ltr'><strong>erigit</strong></span> <span class='ocrx_word' id='word_1_528' title='bbox 1909 4857 2116 4942; x_wconf 76' lang='lat' dir='ltr'><strong>perterrefactus</strong></span> <span class='ocrx_word' id='word_1_529' title='bbox 2137 4880 2211 4922; x_wconf 90' lang='lat' dir='ltr'><strong>merr-</strong></span> 
     </span>
    </p>
   </div>
   <div class='ocr_carea' id='block_1_5' title="bbox 0 0 2450 6180">
    <p class='ocr_par' dir='ltr' id='par_1_5' title="bbox 0 0 2450 6180">
     <span class='ocr_line' id='line_1_42' title="bbox 0 0 2450 6180; baseline 0 0"><span class='ocrx_word' id='word_1_530' title='bbox 0 0 2450 6180; x_wconf 95' lang='lat' dir='ltr'><strong> </strong></span> 
     </span>
    </p>
   </div>
  </div>
 </body>
</html>
