4892 6184
898 703 1174 774 ousrro.
1338 679 1342 685 ’
1728 715 1791 781 rar

276 907 401 986 clarius
437 912 621 1000 enitescat;
654 911 703 986 sic
733 911 889 988 Historia
915 914 1155 991 Ecclesiastica
1188 917 1260 992 sola
1289 940 1353 990 nos
1379 916 1520 992 edocere
1543 924 1674 1017 potest,
1706 944 1790 1017 quo-

276 1031 381 1106 modo
408 1034 491 1107 Iesu
514 1031 830 1132 Apostolorumque
853 1034 1025 1110 institutio
1053 1037 1210 1123 moralis,
1234 1060 1297 1135 per
1323 1036 1515 1111 seculorum
1541 1037 1745 1125 decursum,
1770 1065 1791 1112 e

277 1151 408 1226 Christi
438 1151 665 1228 sectatoribus
698 1151 743 1226 ait
775 1161 933 1252 accepta,
967 1155 1136 1254 explicata
1166 1163 1272 1253 atque
1305 1154 1478 1243 adhibita3
1511 1181 1616 1254 quam
1643 1157 1791 1245 variam,

275 1294 338 1368 pro
369 1271 577 1370 populorum
611 1279 646 1344 et
675 1277 892 1370 temporum,
916 1274 1049 1373 ingenii
1072 1282 1177 1372 atque
1203 1274 1406 1375 opinionum
1434 1274 1649 1363 diversitate,
1669 1276 1791 1350 Ethice

276 1389 472 1465 Christiana
496 1391 649 1464 induerit
666 1390 831 1479 formam;
858 1393 945 1491 quid
964 1392 1396 1468 Romano-Catholicorum
1420 1395 1510 1470 inter
1534 1403 1570 1468 et
1594 1397 1790 1470 Protestan·

276 1507 386 1596 tium,
424 1509 701 1585 Lutheranorum
741 1519 778 1584 et
813 1510 1112 1597 Reformatorum,
1148 1509 1435 1584 scholasticorum
1472 1517 1507 1584 et
1543 1512 1792 1609 Mysticorum‚

276 1628 550 1702 Ianseniatarum
572 1637 609 1701 et
630 1628 839 1703 Iesuitarum
863 1630 1054 1704 doctrinam
1075 1628 1241 1704 moralem
1264 1629 1447 1704 discrimen
1472 1630 1681 1718 intercedat;
1706 1657 1793 1730 quos

276 1746 426 1843 denique
450 1770 568 1834 casus,
596 1747 667 1820 sive
687 1770 868 1845 prosperos
889 1772 951 1821 seu
974 1747 1153 1834 adversos,
1171 1747 1533 1846 'I'heologiaeMoralis
1546 1749 1722 1837 studium,
1747 1750 1792 1824 ab

273 1864 333 1937 illo
362 1865 443 1938 inde
475 1875 649 1963 tempore,
684 1889 796 1962 quum
826 1864 941 1940 adhuc
961 1865 997 1939 in
1020 1865 1241 1941 incunabulis
1265 1875 1473 1956 versaretur,
1498 1867 1543 1942 ad
1566 1868 1658 1944 huuc
1681 1893 1792 1966 usque

274 1983 366 2056 diem
389 1992 571 2081 expertum
593 1985 648 2059 sit.
1326 1991 1330 1997 ’

322 2103 369 2175 Et
404 2111 616 2203 quantopere
651 2105 731 2179 talis
765 2105 941 2181 Histerica
975 2106 1172 2203 disquisitio
1207 2106 1414 2205 Theologiae
1449 2108 1592 2183 Moralis
1624 2106 1792 2182 cuitorem

190 2253 196 2264 ·
274 2222 327 2295 vel
364 2221 558 2310 doctorem,
603 2225 665 2321 qui
698 2225 787 2297 hanc
808 2225 1042 2322 ‚disciplinam
1077 2223 1293 2298 tractandam
1332 2225 1448 2300 aliisve
1488 2209 1708 2301 tradendam
1728 2227 1793 2300 hac

274 2348 391 2415 nostra
412 2349 524 2415 aetate
549 2343 712 2442 suscipit,
737 2342 897 2432 adiuvet,
921 2343 1123 2418 incredibile
1145 2343 1243 2417 dictu
1265 2350 1328 2418 est.

322 2461 398 2533 Nec
433 2460 623 2535 admodum
660 2485 777 2535 vereor
803 2463 849 2535 A.
881 2462 934 2535 A!
967 2462 1062 2559 quod
1090 2461 1136 2535 ed
1168 2467 1302 2558 partem
1335 2462 1543 2536 Hister-icam
1573 2462 1715 2550 attinet,
1748 2488 1792 2536 ne

274 2579 352 2667 illa,
391 2603 480 2676 qnae
509 2581 689 2679 bucusque
716 2580 908 2678 disputavi,
932 2582 970 2654 in
995 2581 1144 2655 dubium
1171 2580 1284 2654 vocari
1303 2589 1452 2678 queant,
1477 2589 1514 2655 at
1536 2581 1680 2655 fortasse
1706 2583 1793 2669 mihi

273 2705 476 2785 occurrunt,
508 2698 571 2796 qui
597 2699 634 2772 in
667 2706 765 2797 parte
799 2701 984 2773 theoretica
1018 2699 1250 2800 construenda
1282 2699 1337 2772 vel
1373 2700 1553 2775 tractanda
1585 2701 1791 2799 Theologiae

273 2816 417 2890 Moralis
450 2816 607 2892 studium
639 2817 735 2892 haud
763 2818 813 2893 ita
840 2816 1016 2893 Historiae
1038 2818 1297 2893 Ecclesiasticae
1321 2841 1386 2916 ope
1408 2819 1563 2918 indigere
1592 2821 1790 2919 opinentur.

276 2936 347 3009 Sed
374 2943 436 3010 aut
464 2938 539 3035 ipse
568 2937 706 3036 egregie
734 2937 851 3027 fallor,
885 2945 946 3012 aut
977 2937 1115 3036 egregie
1139 2937 1326 3024 falluntur,
1359 2938 1490 3035 quiite
1512 2947 1685 3027 statuant,
1710 2965 1792 3016 cum

272 3055 429 3131 Historia
446 3065 500 3129 'et
539 3055 595 3131 hic
617 3056 781 3132 omuibus
803 3058 944 3132 Ethices
970 3058 1158 3156 penetralia
1179 3055 1391 3132 intrantibus
1417 3057 1526 3132 facem
1546 3059 1715 3157 praeierat
1737 3069 1789 3134 at·

273 3201 341 3274 que
371 3177 538 3276 optimam
567 3183 698 3251 sternat
727 3177 828 3251 viam.
887 3175 1013 3255 Quid?
1045 3176 1140 3274 quod
1173 3175 1244 3250 iam
1275 3175 1312 3248 in
1339 3173 1504 3262 introitu,
1538 3175 1601 3249 ubi
1633 3179 1790 3274 quaestio

272 3295 373 3371 nobis
403 3302 456 3368 est
487 3294 698 3383 dirimenda;
730 3302 849 3369 utrum
870 3294 955 3369 haec
975 3303 1096 3370 nostra
1117 3294 1299 3393 discipline
1323 3317 1404 3368 cum
1428 3293 1616 3394 Theologie
1636 3309 1788 3372 coutem-

270 3415 400 3512 plativa
429 3415 483 3489 vel
514 3413 721 3513 Dogmatica
745 3414 957 3490 coniunctim
984 3413 1146 3513 explicari
1172 3413 1318 3500 debeat,
1344 3420 1385 3485 ut
1411 3412 1517 3484 veteri
1539 3416 1789 3490 consuetudine

271 3542 448 3632 receptum
469 3542 563 3622 erat,
588 3559 634 3609 an
656 3559 755 3622 vero,
780 3534 834 3607 uti
855 3540 935 3632 post
957 3534 1146 3606 Danannn
1159 3541 1195 3605 et
1207 3531 1405 3605 Carrxrurr
1425 3531 1620 3620 cousuevit,
1646 3535 1788 3610 seorsim

270 3651 451 3726 tractanda
481 3653 547 3740 sit,
581 3653 775 3728 Historiam
812 3651 1027 3726 consuluisse
1056 3650 1200 3724 iurabit.
1252 3648 1345 3738 Quid
1376 3648 1468 3722 cuim
1496 3649 1580 3722 ills?
1617 3651 1786 3730 'ividem’

272 3770 407 3869 inquiet
442 3772 632 3870 nquamdiu
669 3770 885 3846 Christianae
914 3769 1055 3844 Ethices
1088 3769 1265 3856 studium,
1296 3792 1386 3866 quae
1408 3767 1482 3842 iura
1506 3792 1570 3842 suo
1587 3769 1786 3874 disciplinae

272 3914 398 3964 nomen
432 3889 500 3964 sibi
524 3890 694 3980 vindicat,
718 3891 755 3963 in
776 3913 946 3988 maguum
966 3888 1129 3963 scientiae
1153 3912 1319 3986 veraeque
1341 3887 1516 3985 religionis
1540 3888 1787 3967 detrimentum

271 4011 376 4084 fuerit
399 4017 554 4109 spretum
576 4017 612 4083 et
636 4010 832 4108 neglectum
843 4010 877 4082 1³²
913 4009 1000 4082 Mor
1022 4031 1100 4081 vero
1130 4007 1252 4082 addet:
1289 4007 1438 4082 aCavete
1465 4013 1579 4082 tamen
1604 4033 1648 4084 ne
1669 4036 1784 4087 neces·

273 4129 401 4204 sarium
430 4129 607 4204 vinculum
637 4136 743 4227 atque
771 4127 1002 4203 arctissimum
1031 4150 1181 4216 nexum,
1212 4151 1283 4224 quo
1309 4135 1456 4225 utraque
1480 4127 1660 4226 disciplina
1680 4157 1784 4230 copu-

270 4249 383 4336 latur,
426 4249 476 4323 ita
517 4247 719 4348 negligatis,
765 4257 805 4322 ut
847 4247 942 4346 quod
980 4247 1077 4320 Deus
1118 4247 1194 4345 ipse
1240 4245 1456 4320 coniunxerit
1491 4271 1632 4345 prorsus
1667 4248 1802 4325 divelli

273 4368 470 4466 patiamini!
512 4371 546 4442 A
576 4368 716 4443 Christo
744 4368 820 4466 ipso
845 4366 1093 4466 perfectissimo
1127 4365 1265 4440 virtutis
1296 4365 1474 4463 exemplu,
1509 4375 1544 4440 et
1572 4366 1641 4442 fide
1666 4369 1703 4442 in
1726 4371 1785 4445 illo

273 4487 406 4585 posita,
442 4513 538 4562 verae
568 4487 759 4563 sanctitatis
793 4494 829 4561 et
861 4487 950 4561 vitae
972 4485 1188 4560 Christianae
1211 4483 1325 4570 fonte,
1350 4483 1558 4581 principium
1581 4487 1783 4564 moralitatis

273 4631 349 4680 ease
388 4605 614 4705 repetendum
652 4606 912 4707 (praeeuntibus
946 4631 1016 4680 non
1053 4605 1166 4681 solum
1204 4602 1380 4704 Apostolis
1419 4603 1481 4676 sed
1515 4604 1677 4681 omuibus
1711 4608 1783 4683 fere

273 4727 463 4824 primorum
502 4735 697 4826 temporum
729 4725 941 4818 doctoribus)
979 4725 1077 4800 facile
1106 4723 1208 4799 nobis
1241 4721 1471 4821 persuadebit.
1533 4723 1590 4798 Sic
1621 4751 1780 4826 quoquc,

274 4843 336 4918 ubi
369 4845 405 4920 in
441 4845 650 4946 principium
692 4847 745 4922 vel
782 4845 1048 4921 fundamentum
1088 4844 1314 4943 inquirimus,
1354 4843 1412 4919 cui
1447 4844 1554 4919 veluti
1587 4848 1782 4926 aedificium

1498 4965 1543 5038 18
