4892 6184
682 675 748 742 182
1226 671 1261 736 C.
1294 669 1433 734 srrlt
1466 667 1653 734 rrum

679 887 777 982 grata
801 885 917 954 mente
939 883 1059 952 omnes
1084 875 1168 950 boni
1186 876 1410 951 recordantur
1427 883 1534 974 atque
1559 875 1632 950 suis
1653 872 1908 949 commendant.
1955 873 2056 952 Haec
2072 879 2191 954 solatia

679 1025 739 1074 nor
770 1023 889 1074 omnes
920 997 984 1070 tibi
1011 1001 1183 1095 praestare
1215 1019 1419 1094 possumus:
1449 996 1517 1070 alia
1548 994 1652 1094 longe
1680 993 1821 1068 meliora
1845 994 1922 1093 ipse
1948 995 2014 1070 tibi
2037 999 2193 1096 quotidie

678 1125 841 1219 praestas.
901 1117 1063 1213 Namque
1104 1115 1170 1190 tibi
1202 1139 1407 1215 persuasum
1443 1114 1570 1204 babes,
1606 1115 1740 1189 nullam
1778 1116 2065 1192 communitatem
2101 1117 2193 1192 inter

678 1237 835 1312 homines
852 1235 939 1309 adeo
953 1235 1113 1310 intimam
1133 1260 1208 1310 esse
1230 1244 1337 1334 atque
1355 1235 1651 1322 indissolubilem,
1676 1258 1784 1331 quam
1808 1259 1885 1308 eam
1908 1259 1998 1333 quae
2020 1260 2086 1310 nos
2107 1261 2191 1314 cum

678 1357 720 1430 iis
754 1355 898 1430 mortuis
934 1355 1092 1430 conciliet
1132 1354 1343 1454 quibuscum
1370 1355 1477 1430 veluti
1502 1380 1584 1428 cum
1609 1352 1849 1453 praesentibus
1870 1364 2071 1452 praesentes
2097 1358 2191 1456 cogi·

678 1485 768 1564 tare,
793 1500 914 1574 agere,
939 1475 1114 1550 meliorem
1137 1475 1283 1550 omnino
1304 1476 1410 1550 vitam
1433 1474 1545 1549 vivere
1564 1499 1762 1574 pergamus.

725 1597 850 1672 lector
875 1596 919 1670 ds
942 1596 1132 1670 Academia
1153 1607 1272 1671 nostra
1295 1596 1385 1671 benc
1410 1597 1575 1682 meritus,
1599 1619 1690 1692 qnae
1712 1593 1778 1668 hoc
1798 1593 1941 1668 alumno
1963 1595 2039 1669 iure
2063 1594 2187 1694 gloria·

678 1721 755 1802 tur,
787 1712 919 1812 quique
951 1712 1044 1788 diem
1076 1713 1168 1788 hunc
1195 1714 1325 1790 festum
1358 1714 1540 1790 nobiscnm
1570 1713 1727 1788 alacriter
1762 1720 1867 1811 atque
1893 1713 2014 1788 festive
2041 1724 2081 1789 ut
2103 1715 2190 1788 solet

678 1859 780 1933 agere
810 1835 847 1907 iu
878 1833 994 1907 animo
1023 1829 1165 1920 habuit,
1189 1834 1305 1909 subita
1325 1835 1521 1910 calamitate
1542 1857 1727 1932 oppressus
1748 1834 1845 1907 domi
1863 1833 1951 1907 iacet
1974 1833 2089 1907 liberis
2113 1833 2192 1907 eius

679 1955 793 2030 adhuc
828 1952 1072 2052 superstitibus
1104 1952 1141 2028 in
1176 1979 1314 2031 summo
1346 1955 1436 2028 vitae
1470 1953 1622 2052 periculo
1656 1953 1892 2040 versantibus,
1927 1953 1976 2026 ita
2009 1960 2048 2026 ut
2080 1952 2137 2026 vix
2167 1977 2190 2025 8

680 2071 839 2170 lucrymis
873 2081 1061 2170 temperare
1091 2074 1246 2171 possint,
1281 2072 1410 2172 quibus
1444 2081 1480 2146 et
1505 2073 1582 2170 ipse
1612 2095 1713 2145 carus
1735 2079 1808 2158 est,
1838 2071 1945 2168 inque
1965 2071 2058 2144 renis
2081 2076 2190 2168 atque

680 2191 841 2266 medullis
866 2191 887 2264 1.
914 2215 943 2264 8.
969 2191 1005 2263 18
1030 2191 1146 2264 animo
1170 2199 1207 2266 et
1230 2200 1368 2290 pectore
1391 2192 1492 2266 liberi
1515 2193 1670 2267 haerent.
1802 2172 1808 2177 ⁸

725 2313 784 2386 Ad
821 2311 964 2386 minime
993 2313 1083 2388 laeta
1114 2310 1296 2386 referimus
1320 2311 1409 2384 duos
1433 2310 1640 2409 professores
1662 2309 1765 2382 inec
1786 2331 1862 2381 csse
1883 2315 1924 2382 81
1944 2307 1992 2382 ab
2018 2306 2082 2382 bac
2101 2307 2188 2382 Uni·

678 2431 837 2506 versitate
870 2431 1058 2505 discedant.
1115 2431 1254 2506 Horum
1285 2429 1443 2504 altered
1473 2429 1673 2504 cathedram
1699 2427 1929 2502 Traiectinam
1952 2435 2094 2502 vocatus
2116 2435 2190 2513 est,

678 2550 764 2626 alter
787 2551 976 2626 causariam
1001 2576 1023 2625 a
1045 2575 1127 2651 rega
1147 2550 1347 2626 missionem
1368 2548 1477 2647 petiit.
1528 2549 1627 2637 Tibi,
1650 2549 1834 2622 Rovaasr!
1860 2548 1914 2621 uti
1936 2548 2060 2623 datum
2082 2548 2188 2622 hono·

677 2695 750 2745 rem
785 2669 949 2769 gratulati
981 2694 1122 2757 sumus,
1154 2671 1205 2743 ita
1234 2694 1256 2743 8
1284 2678 1320 2742 18
1341 2675 1522 2765 acceptum
1547 2691 1649 2766 aegre
1671 2667 1828 2742 tulimus.
1877 2668 2017 2742 Frustra
2038 2675 2074 2741 te
2101 2692 2187 2766 quc·

679 2790 795 2864 minus
818 2790 987 2887 acciperes
1005 2789 1153 2864 Senatus
1174 2787 1314 2864 nomine
1333 2789 1538 2887 deprecatus
1555 2811 1645 2862 sum.
1680 2790 1906 2886 Quamquam
1923 2787 1984 2884 qui
2006 2795 2042 2861 18
2057 2797 2190 2862 norunt

680 2907 823 2982 minime
857 2909 1037 3006 ignorant,
1072 2915 1107 2983 te
1137 2932 1207 2982 non
1229 2909 1298 2982 uisi
1320 2909 1410 2982 bene
1437 2907 1610 2982 subducta
1631 2907 1763 2982 ratione
1786 2907 2026 3004 Groninganae
2049 2907 2189 2982 stationi

680 3026 906 3102 Traiectinom
936 3027 1149 3125 praetulisse.
1200 3028 1266 3103 Illa
1297 3029 1391 3102 enim
1419 3028 1484 3101 tibi
1513 3027 1632 3102 multis
1663 3026 1864 3100 nominibus
1900 3051 1978 3100 cara
2006 3033 2058 3100 est
2086 3033 2191 3124 atque

681 3146 856 3234 manebit,
889 3169 968 3220 cum
1005 3153 1144 3244 propter
1175 3147 1303 3222 amicos
1333 3173 1421 3246 quos
1453 3147 1510 3222 hic
1536 3146 1699 3221 invenisti
1723 3154 1786 3220 aut
1807 3155 1933 3220 nactus
1954 3171 1991 3220 es
2012 3145 2193 3243 multaque

680 3265 746 3340 elia
770 3289 859 3364 quae
879 3265 945 3339 tibi
967 3273 1066 3364 grata
1088 3265 1249 3354 fuerunt,
1274 3275 1351 3340 tum
1370 3273 1510 3364 propter
1530 3267 1785 3341 carissimorum
1806 3267 1961 3363 capitum
1984 3264 2190 3339 desiderium

680 3381 775 3481 quod
800 3381 844 3455 ab
869 3381 974 3456 huius
1000 3381 1095 3456 urbis
1120 3389 1225 3479 atque
1244 3384 1453 3458 Academiae
1477 3384 1684 3482 cogitatione
1707 3393 1812 3482 atquc
1838 3384 2070 3460 recordatione
2092 3389 2188 3480 sepa·

678 3529 752 3579 rare
781 3528 850 3580 nou
875 3512 984 3602 potes.
1035 3503 1178 3580 Utinam
1201 3503 1267 3577 tibi
1292 3503 1432 3601 tuisque
1455 3503 1492 3576 in
1516 3527 1605 3578 nova
1630 3503 1833 3578 eruditionis
1854 3510 1936 3579 tuae
1959 3503 2187 3579 fortunarum·

680 3649 749 3722 que
785 3624 866 3698 sede
896 3649 965 3698 non
1003 3623 1081 3698 dico
1114 3623 1255 3698 meliora
1289 3623 1351 3696 sed
1376 3621 1526 3697 feliciora
1553 3623 1774 3722 contingenti
1817 3623 2062 3710 Academiam,
2097 3629 2189 3696 certo

681 3743 770 3829 scic,
806 3766 875 3816 uon
909 3749 1011 3816 tuum
1044 3767 1125 3840 erga
1156 3767 1221 3817 nos
1255 3743 1412 3817 animum
1443 3750 1580 3831 mutus,
1614 3767 1728 3841 neque
1758 3767 1821 3818 nos
1855 3753 2011 3817 nostrum
2042 3743 2131 3841 erga
2155 3748 2189 3814 te

682 3859 908 3934 mutabimus.
958 3861 1023 3934 lllu
1053 3869 1171 3937 autem
1197 3862 1285 3936 meis
1311 3862 1424 3937 verbis
1447 3862 1586 3962 publice
1608 3863 1737 3963 gratias
1758 3863 1825 3938 tibi
1845 3863 1918 3962 8311
1938 3862 2033 3961 quod
2057 3868 2093 3935 te
2119 3881 2189 3934 non

681 3979 778 4078 prius
798 4001 833 4054 8
843 3977 965 4052 scholis
986 3978 1153 4054 habendis
1171 3980 1378 4056 abstinueris
1401 4005 1508 4081 quam
1532 3983 1716 4058 Curatores
1738 4006 1969 4058 successorem
1986 3990 2023 4056 te
2042 3981 2189 4078 dignum

679 4098 771 4198 Regi
797 4097 976 4196 designare
1004 4100 1189 4198 potuerint.
1240 4101 1387 4199 Iamque
1406 4101 1544 4201 publice
1568 4103 1643 4178 vale
1663 4109 1699 4177 et
1722 4105 1814 4179 salve
1839 4102 1904 4177 tibi
1926 4102 2021 4189 dico,
2046 4099 2187 4196 Collega

680 4217 977 4293 coniunctissime!
1003 4243 1108 4318 perge
1132 4244 1195 4294 nos
1219 4245 1344 4296 amare.

730 4336 827 4414 Quid
862 4337 1033 4412 Hausnro
1064 4338 1197 4430 dicam,
1230 4342 1337 4416 veteri
1360 4341 1454 4418 domi
1475 4343 1688 4442 militiaeque
1712 4341 1938 4418 commilitoni
1956 4345 2060 4438 atque
2087 4343 2185 4436 opta·

679 4453 812 4528 tissim'c
843 4453 1018 4554 collegae?
1062 4453 1168 4531 Novit
1153 4465 1354 4557 tqnonam
1387 4461 1503 4536 animo
1537 4461 1663 4536 fuerim
1695 4487 1806 4560 quum
1838 4459 1946 4549 mihi,
1979 4456 2187 4534 Academiae

680 4573 838 4662 Recturi,
870 4575 990 4671 paucis
1021 4582 1100 4652 ante
1131 4573 1234 4654 ferias
1258 4578 1401 4668 diebus,
1431 4581 1646 4680 propositum
1671 4588 1809 4676 nostrae
1830 4576 2037 4656 Academiae
2059 4574 2184 4651 valedi-

681 4692 780 4766 cendi
818 4692 906 4770 clem
938 4697 1215 4774 communicaret.
1278 4701 1312 4774 A
1342 4724 1412 4798 quo
1444 4707 1486 4774 ut
1517 4699 1695 4776 desisteret
1727 4711 1806 4778 tum
1837 4697 2078 4775 Universitatis
2106 4701 2186 4768 tum

681 4810 789 4909 ipsius
820 4835 922 4890 causa
952 4815 1038 4913 quid
1073 4841 1137 4916 ego
1167 4835 1307 4916 quoquc
1331 4817 1533 4894 tentaverim
1558 4818 1727 4898 meminit.
1777 4819 1907 4908 Verum
1931 4842 2042 4917 quum
2066 4836 2191 4891 omnes
