4892 6184
501 1615 725 1678 numrouus
745 1615 1038 1681 seuerius-mu
1057 1616 1375 1681 uxorrnrlssnsst

358 2109 491 2216 Artem
514 2139 705 2228 medicam,
730 2167 774 2216 ex
794 2168 864 2242 quc
887 2167 1012 2218 novam
1033 2143 1132 2242 sequi
1150 2143 1318 2219 rationem
1342 2170 1500 2245 novoque
1523 2152 1559 2222 et
1577 2147 1753 2248 incognito

237 2271 338 2339 antea
359 2286 482 2361 compo
506 2284 683 2336 excurrere
708 2273 761 2334 est
784 2262 902 2350 docta,
933 2285 1141 2360 magnopere
1165 2270 1378 2360 promotam,
1404 2272 1541 2341 auobm
1566 2267 1752 2365 amplifica-

237 2390 379 2482 tamque
405 2406 499 2469 esse,
525 2405 635 2478 quum
657 2404 759 2455 nemo
777 2381 842 2469 sit,
867 2381 952 2479 quin
972 2405 1099 2479 magno
1120 2404 1178 2473 cre
1201 2389 1384 2480 agnoscat,
1407 2383 1615 2483 compluries
1636 2392 1753 2462 tamen

238 2503 351 2577 eidem
370 2500 453 2575 vitio
475 2507 529 2574 est
552 2523 709 2588 versum,
735 2501 829 2597 quod
853 2501 899 2575 ad
917 2500 1114 2598 proprium,
1145 2499 1245 2573 cuius
1272 2525 1377 2574 carisa
1400 2510 1617 2592 exerceatur,
1647 2506 1755 2582 finem

235 2619 376 2720 propius
410 2617 571 2694 accedere
603 2641 674 2692 non
702 2619 865 2717 potuerit.
924 2619 1185 2718 Diagnosticam
1216 2617 1360 2716 quidem
1386 2619 1568 2718 physicae,
1600 2621 1755 2698 chemise

236 2747 271 2815 et
304 2738 498 2816 anatomiae
530 2761 596 2838 ope
629 2737 780 2815 inuisam
812 2739 924 2814 multo
956 2739 1109 2814 intentur
1139 2739 1210 2813 iam
1240 2737 1451 2814 firmioribus
1481 2747 1752 2840 superstructum

236 2885 310 2936 esse
336 2858 595 2947 fundamentis,
630 2882 736 2957 quam
768 2860 896 2958 quibus
927 2858 1160 2959 superioribus
1189 2858 1334 2934 saeculis
1359 2858 1474 2935 fulciri
1491 2861 1663 2960 potuerit,
1688 2887 1752 2938 nec

168 2983 175 2996 '
235 2988 351 3056 tamen
387 2979 577 3078 therapium
611 2978 841 3067 celeritatem,
882 3003 952 3078 quc
984 2978 1043 3056 illa
1075 2979 1299 3078 processerit,
1338 2977 1492 3078 potuisse
1520 2980 1753 3080 aequiparare.
1865 3013 1874 3021 -

236 3099 439 3176 Convicium
461 3123 566 3198 supra
585 3097 763 3174 veritatem
785 3105 927 3175 auctum
949 3125 1024 3174 esse
1042 3124 1153 3199 quum
1177 3098 1422 3200 unusquisque
1441 3099 1492 3175 rei
1512 3101 1653 3200 peritior
1673 3127 1754 3178 con·

236 3221 376 3296 tendere
410 3244 480 3294 non
516 3217 708 3308 dubitabit,
745 3218 840 3294 idem
875 3221 1016 3296 omnino
1049 3221 1171 3296 fictum
1203 3219 1551 3320 commentitiumque
1587 3247 1662 3298 esse
1696 3222 1756 3297 'vix
1796 3263 1801 3273 ·

236 3339 380 3414 audebit
399 3338 615 3414 contendere.
653 3339 703 3413 At
721 3337 892 3426 medicos,
911 3362 981 3412 non
1002 3338 1172 3416 medicam
1193 3345 1324 3430 urtam,
1345 3341 1558 3418 censendum
1577 3348 1631 3418 est
1649 3342 1754 3419 istam

235 3460 534 3561 reprehensionem
562 3458 703 3534 meritos
733 3483 827 3548 esse,
860 3483 973 3558 neque
1005 3460 1071 3534 arti
1104 3459 1354 3559 imputandum
1378 3461 1473 3560 qnod
1498 3462 1645 3538 mdficcs
1668 3461 1755 3537 deii·

236 3587 397 3677 querunt.
448 3581 569 3659 Quum
592 3579 685 3654 enim
707 3603 748 3654 ca
767 3579 921 3655 medicae
943 3578 1026 3654 artis
1048 3603 1147 3679 pars,
1176 3603 1283 3675 quam
1305 3579 1496 3678 therapium
1519 3579 1754 3679 appellemus,

237 3724 350 3797 noque
379 3700 593 3798 temporibus
627 3705 744 3774 nostru
768 3705 879 3773 aetate
903 3695 1158 3795 superioribus,
1182 3718 1298 3794 neque
1326 3695 1403 3795 ipso
1428 3704 1547 3772 nostro
1574 3721 1644 3797 quo
1669 3698 1752 3773 vivi-

237 3844 318 3893 mus
341 3826 515 3918 tempore,
540 3844 581 3894 eo
602 3818 816 3919 pervenerit,
839 3825 880 3891 ut
899 3841 1039 3906 secura,
1064 3814 1196 3914 absque
1217 3813 1489 3892 dubitationem
1507 3823 1606 3892 metu
1620 3841 1753 3917 suaque

236 3939 350 4014 innisa
379 3939 527 4026 virtute,
559 3937 700 4012 sublimi
723 3936 846 4012 vertice
866 3936 1023 4011 incedere
1044 3935 1154 4034 possit
1165 3968 1175 4023 ;
1209 3957 1322 4033 quum
1347 3941 1479 4012 certum
1510 3937 1555 4012 sit
1575 3944 1656 4038 post
1677 3938 1752 4014 lon·

236 4083 318 4158 gam
341 4058 484 4133 demum
501 4081 669 4133 annorum
694 4057 820 4133 serium
843 4056 936 4132 huuc
956 4062 1135 4156 tamquam
1158 4061 1354 4130 extremum
1376 4055 1585 4153 quemdam,
1609 4065 1751 4157 exopta·

237 4179 481 4278 tissimumque
507 4179 614 4253 finem
635 4178 779 4278 cogitari
799 4177 1041 4278 potiusquam
1063 4176 1193 4276 sperari
1212 4199 1333 4276 posse3
1358 4183 1435 4253 tum
1457 4177 1523 4253 hoc
1543 4176 1751 4252 manifestis·

239 4297 366 4372 simum
385 4305 460 4387 est,
490 4321 554 4374 nec
581 4298 644 4374 ulii
666 4297 774 4374 dubio
795 4297 1005 4387 obnoxium,
1038 4296 1248 4374 scematiore
1272 4295 1453 4387 materiae,
1479 4295 1592 4396 qualis
1617 4302 1653 4370 et
1673 4319 1751 4370 nor-

238 4415 323 4492 msli
347 4421 400 4491 est
420 4423 455 4490 et
475 4417 666 4494 abnormali
688 4423 800 4507 statu,
824 4417 948 4494 notitia
969 4417 1015 4493 ad
1035 4418 1215 4494 certiorem
1240 4415 1433 4515 rationique
1445 4414 1558 4515 magis
1570 4422 1772 4492 connum

238 4560 341 4612 neam
364 4534 562 4611 morborum
584 4538 798 4613 sanationem
820 4537 911 4614 viam
930 4537 1069 4613 muniri.
1118 4538 1169 4612 At
1187 4543 1345 4614 accurata
1362 4535 1423 4613 iiic
1442 4535 1605 4612 materiae
1627 4535 1752 4612 notitia

240 4679 354 4731 nonne
375 4663 429 4731 est
456 4655 607 4746 huntus,
638 4682 743 4754 quem
765 4684 785 4733 e
810 4683 898 4734 nova
924 4657 1011 4750 ista,
1042 4657 1080 4733 in
1111 4681 1218 4757 quam
1247 4655 1414 4757 perducta
1440 4661 1516 4748 est,
1539 4656 1672 4733 ratione
1694 4680 1750 4731 ars

241 4777 373 4853 medica
404 4774 581 4875 percepit?
630 4776 695 4850 Est
724 4801 825 4869 sane,
859 4802 972 4877 neque
997 4778 1116 4880 negari
1140 4783 1274 4879 potest,
1306 4776 1499 4880 therapium
1522 4777 1606 4855 iude
1627 4777 1751 4877 utique
