4892 6184
876 678 1154 748 enarro
1308 638 1316 643 ’
1710 682 1774 750 sm

261 917 323 967 sus
352 916 429 967 esse
457 891 598 967 omnino
630 887 874 978 reiioiendum3
906 889 981 964 looo
1005 888 1131 965 oedant
1157 887 1373 987 dignioribus
1395 887 1539 977 leviora,
1566 893 1603 961 at
1622 886 1773 961 eundem

260 1011 351 1087 infra
378 1018 557 1087 resumant
577 1033 700 1107 nsque
731 1008 886 1106 undique
909 1007 1155 1097 exclusarum
1177 1006 1350 1106 quidquid
1371 1007 1464 1105 enim
1489 1006 1651 1081 edooetur
1676 1030 1774 1081 mens

261 1139 397 1218 nostra,
420 1129 460 1204 id
483 1130 578 1205 lucro
600 1128 801 1203 ducendum
824 1135 896 1217 est,
920 1138 957 1203 et
978 1151 1082 1204 usum
1107 1128 1233 1227 poterit
1254 1127 1380 1204 babere
1405 1151 1518 1203 suum.
1570 1126 1640 1202 His
1666 1126 1774 1224 igitur

261 1251 307 1325 de
328 1248 524 1347 quisquiliis
545 1247 618 1323 iam
639 1247 775 1336 missis,
799 1247 845 1323 ad
867 1247 1023 1349 graviora
1041 1256 1268 1347 transeamus.
1316 1248 1364 1321 Et
1389 1240 1437 1323 sio
1457 1246 1528 1321 fere
1549 1272 1570 1321 e
1593 1245 1774 1345 permultis

260 1368 465 1467 intelligitur
486 1367 663 1467 quaestio,
687 1374 729 1443 ut
750 1368 789 1443 id
807 1369 866 1469 agi
879 1368 1024 1457 'dieant,
1046 1375 1165 1443 utrum
1187 1392 1244 1442 res
1267 1366 1383 1466 potius
1406 1392 1452 1442 en
1474 1369 1575 1443 verda
1599 1366 1669 1441 sint
1692 1372 1781 1441 oum

259 1486 524 1564 adolesoentulis
553 1488 850 1589 eommunipanda.
900 1490 1003 1567 Quae
1035 1511 1078 1562 ex
1108 1494 1210 1584 parte
1229 1487 1341 1563 otiosa
1365 1496 1467 1574 sunt,
1491 1511 1604 1585 neque
1629 1485 1775 1585 abipso

259 1607 411 1683 multum
440 1607 592 1683 absurdo
616 1618 765 1695 remota,
788 1630 871 1681 nam
894 1606 998 1681 verba
1017 1606 1086 1680 nisi
1106 1605 1239 1705 aliquid
1270 1604 1499 1712 significantia
1520 1605 1610 1705 quid¹
1633 1606 1775 1681 demum

260 1734 362 1816 sunt,
395 1734 431 1802 et
460 1728 557 1827 ipsae
591 1751 646 1801 res
678 1727 853 1823 quomodo
881 1725 950 1799 nisi
980 1726 1094 1801 verbis
1120 1725 1302 1801 tradantur
1326 1748 1396 1799 non
1424 1725 1533 1825 oapio.
1582 1725 1633 1799 At
1657 1725 1694 1799 id
1720 1750 1776 1799 vo·

259 1846 358 1934 lunt,
383 1852 502 1920 utrum
519 1846 556 1920 in
579 1844 698 1919 formis
719 1845 974 1943 grammaticis,
994 1868 1039 1920 an
1057 1844 1094 1917 in
1114 1842 1351 1942 cognoscenda
1374 1842 1596 1943 antiquarum
1617 1845 1778 1945 gentium

260 1966 330 2067 vita
349 1972 385 2040 et
409 1962 565 2041 moribus
585 1963 737 2041 laborem
757 1964 867 2039 simus
890 1964 1018 2039 rectius
1038 1962 1203 2063 posituri,
1228 1971 1265 2038 et
1288 1971 1407 2039 utrum
1427 1964 1655 2039 Bonoxmnn
1678 1966 1778 2039 nobis

258 2083 395 2184 potius,
419 2108 465 2161 an
489 2085 766 2175 Runuunurmr,
800 2093 980 2182 tamquam
1006 2083 1206 2160 absolutum
1234 2082 1449 2182 philologum
1477 2091 1592 2159 mente
1616 2084 1778 2159 informe·

259 2228 350 2279 mus.
400 2204 542 2283 Quibus
573 2204 738 2281 audacter
769 2203 1051 2303 respondendum
1084 2212 1156 2292 est,
1188 2210 1377 2301 utrumque
1409 2226 1484 2278 esse
1516 2204 1711 2303 agendum,
1745 2213 1781 2276 et
1827 2250 1830 2257 ψ

260 2323 440 2397 Baurnsn
458 2323 625 2424 ‚exemplo
652 2332 724 2399 tam
748 2322 787 2398 id
810 2322 1001 2398 tenendum
1022 2346 1114 2410 esse,
1147 2346 1300 2419 quanam
1328 2321 1460 2397 ratione
1486 2322 1632 2397 Iambioi
1661 2346 1780 2397 versus

259 2450 457 2541 panguntur
489 2451 525 2518 et
555 2444 685 2519 formae
716 2451 902 2519 naseuntur
932 2440 1200 2530 vocabulorum,
1227 2466 1332 2540 quam
1355 2443 1523 2518 Assorus
1549 2442 1628 2541 quis
1654 2441 1779 2530 luerit,

260 2571 297 2635 et
317 2560 480 2659 qualibus
502 2563 662 2638 nummis
683 2564 739 2639 usi
767 2563 897 2638 luerint
919 2562 1037 2638 Siouli.
1087 2561 1284 2661 Utrumque
1309 2562 1418 2662 igitur
1445 2561 1622 2663 agendum
1650 2572 1720 2651 est,
1743 2570 1780 2637 et

259 2681 309 2755 ita
330 2680 632 2781 coniungendum,
656 2689 697 2759 ut
720 2683 758 2757 in
780 2707 938 2759 sermone
962 2682 1116 2759 docendo
1137 2684 1233 2783 ipsae
1258 2684 1425 2759 sermonis
1447 2684 1541 2783 leges
1564 2684 1693 2784 primas
1717 2684 1778 2757 ob·

260 2801 412 2889 tineam,
435 2824 551 2901 neque
570 2803 770 2892 omittatur,
794 2810 837 2877 ut
855 2826 899 2877 ex
920 2802 1138 2901 antiquitatis
1158 2802 1354 2902 eognitione
1374 2802 1601 2905 moribusque
1623 2787 1779 2878 veterum

260 2921 540 3019 quamplurima
568 2906 819 2999 ulmtronturs·
842 2923 896 2997 Es
922 2928 1039 2997 autem
1070 2945 1237 3020 quorsum
1266 2921 1484 2997 extendenda
1511 2929 1615 3011 sunt,
1640 2946 1709 2996 non
1735 2923 1779 2997 ab

259 3040 310 3113 rei
329 3040 440 3138 ipsius
463 3040 579 3115 indole
601 3042 673 3117 sive
696 3040 898 3142 postulatis,
922 3039 985 3114 sed
1008 3040 1053 3115 ab
1081 3040 1159 3138 ipsa
1182 3040 1397 3140 singulorum
1426 3040 1622 3115 doctorum.
1637 3032 1779 3117 seientia

258 3157 413 3257 pendent
432 3165 469 3234 et
487 3160 570 3235 inde
593 3169 676 3236 sunt
698 3160 903 3235 delineanda
923 3158 1234 3258 describendoque,
1254 3184 1344 3259 quae
1366 3167 1407 3234 ut
1426 3159 1652 3235 ostendamus
1673 3186 1780 3260 quam

260 3280 331 3353 sint
352 3286 390 3353 et
412 3278 581 3378 simplicia
603 3288 640 3356 et
663 3304 762 3369 vera,
787 3303 926 3354 monere
951 3280 1116 3367 sufficiet,
1146 3279 1203 3354 bio
1228 3280 1313 3353 item
1337 3278 1577 3353 doctissimum
1603 3302 1778 3378 quemque

259 3400 389 3497 optime
425 3422 500 3471 esse
534 3398 719 3473 docturum
756 3406 792 3473 et
821 3398 982 3472 facillime
1013 3404 1276 3497 penetraturum
1305 3396 1359 3470 vel
1379 3395 1433 3471 ad
1454 3396 1681 3485 intricatiora;
1707 3422 1777 3474 nou

260 3514 353 3592 enim
376 3522 534 3604 tautum,
558 3540 629 3613 qno
650 3516 737 3615 quid
758 3523 881 3615 suapte
902 3524 1028 3591 natura
1047 3515 1201 3604 facibus,
1226 3539 1268 3591 eo
1289 3513 1415 3590 melius
1436 3540 1459 3591 a
1480 3516 1658 3616 discipulis
1681 3525 1776 3593 teue-
1828 3590 1833 3598 .

260 3635 376 3722 bitur,
404 3633 464 3709 sed
496 3634 621 3724 etiam,
652 3658 723 3735 quo
752 3633 944 3711 aoouratius
965 3633 1054 3710 illud
1077 3634 1268 3735 intelliget,
1297 3659 1436 3734 quoque
1459 3636 1571 3735 magis
1597 3636 1777 3736 perspicue

261 3753 545 3855 interpretabitur
573 3754 662 3843 iste,
695 3754 758 3853 qui
784 3778 844 3829 eos
872 3754 982 3831 docet
1040 3756 1099 3833 lta
1123 3755 1154 3829 si
1178 3754 1258 3853 quis
1283 3754 1337 3829 vel
1359 3754 1492 3831 elidum
1515 3756 1712 3855 quandam,
1738 3768 1778 3833 ut

144 3874 152 3887 ‘
260 3876 376 3963 aiunt,
407 3873 649 3973 grammatioes
678 3898 836 3949 normam
865 3873 973 3975 probe
1007 3873 1217 3954 intellectam
1252 3881 1344 3949 reete
1376 3884 1561 3975 proponat,
1588 3884 1624 3951 et
1653 3877 1777 3953 melius

260 3994 425 4094 inligetur
455 3994 581 4070 animis
602 3993 802 4069 auditorum
827 4003 863 4071 et
884 3994 1002 4069 utilior
1024 3994 1090 4068 erit
1116 3992 1335 4094 saepissime,
1363 4017 1469 4093 quam
1495 3996 1526 4069 si
1550 3996 1601 4071 vel
1624 3999 1775 4095 praeola-

261 4114 438 4189 rissimum
467 4112 601 4214 aliquid
629 4115 829 4204 inventum,
854 4114 923 4190 sibi
946 4137 1018 4190 non
1045 4122 1286 4215 perspectum,
1312 4114 1535 4215 stupentibus
1560 4114 1777 4192 auditoribus

260 4234 336 4334 ipse
368 4242 513 4332 stupens
541 4242 691 4334 exponat
711 4234 856 4333 aliquis,
877 4234 978 4309 errius
997 4234 1048 4309 rei
1068 4234 1147 4310 talis
1165 4234 1317 4334 oognitio
1338 4257 1451 4333 neque
1475 4234 1579 4311 atium
1601 4234 1670 4309 nisi
1691 4237 1776 4335 ipsis

125 4435 133 4449 ,
169 4384 177 4399 ·
264 4352 487 4452 stupentibus
504 4354 638 4452 poterit
661 4378 737 4429 esse
757 4355 938 4453 stupenda.

313 4470 383 4545 Sed
405 4470 501 4545 aliud
523 4471 610 4571 quid
632 4472 794 4548 obiioitur
814 4472 1049 4572 agrariorum
1070 4497 1213 4573 genere,
1238 4496 1309 4572 quo
1329 4496 1422 4547 nuno
1443 4478 1479 4547 et
1503 4478 1651 4548 utuntur
1673 4475 1776 4549 multi

264 4597 301 4665 et
328 4589 541 4679 abutuntur,
576 4591 672 4691 quod
700 4594 826 4692 partim
860 4617 937 4669 esse
963 4618 1083 4669 verum
1110 4594 1198 4668 solet
1219 4592 1316 4669 haud
1341 4592 1423 4667 satis
1454 4614 1563 4692 neque
1590 4592 1774 4692 denegari,

262 4709 362 4784 cuius
381 4709 432 4785 rei
453 4710 541 4785 nibil
560 4736 636 4787 esso
650 4711 778 4788 falsum
801 4736 872 4788 uon
896 4711 1119 4789 susbnebunt
1139 4712 1210 4787 nisi
1231 4711 1293 4810 qui
1313 4709 1494 4812 quidquid.
1534 4714 1616 4787 Non
1639 4712 1774 4789 scholae

263 4852 327 4905 nos
348 4828 420 4905 iam
439 4830 558 4923 aiunt,
582 4832 645 4909 sed
669 4833 779 4924 vitae,
803 4841 839 4910 et
861 4832 992 4909 disoere
1013 4839 1051 4908 et
1074 4832 1207 4924 dooeri,
1232 4854 1346 4931 neque
1371 4831 1417 4907 sd
1439 4831 1634 4911 vitammso
1653 4832 1775 4909 litteris
