4892 6184
891 688 1168 762 oasrro
1562 731 1565 738 ,
1653 735 1656 740 -
1721 697 1786 792 ur

270 921 433 989 munere,
465 897 635 998 reliquos,
666 898 731 998 qui
749 897 837 974 mihi
858 901 1033 999 supersint
1057 900 1151 990 dica,
1184 897 1284 976 vobis
1309 865 1500 1000 vestrisque
1522 901 1647 978 studiis
1670 903 1784 980 dicare
1824 885 1846 910 ⁹

269 1020 454 1109 constitui,
495 1026 591 1095 totus
625 1019 697 1094 ium
735 1019 859 1094 Vester
886 1044 965 1094 sum
995 1026 1030 1095 et
1061 1020 1186 1095 Vester
1216 1044 1292 1095 esse
1322 1043 1476 1120 pergam.
1535 1021 1583 1095 Et
1612 1024 1785 1124 quidquid

268 1142 306 1214 in
341 1165 397 1215 ma
418 1145 638 1240 praeceptore
664 1137 884 1229 desideretis,
910 1141 1032 1218 scitota
1053 1147 1191 1228 tamen,
1220 1140 1386 1215 Iuvenes!
1418 1147 1454 1215 et
1482 1141 1663 1232 confidite,
1694 1143 1783 1222 illud

268 1261 355 1335 mihi
374 1283 478 1334 curae
496 1258 661 1358 cordique
680 1258 771 1348 fore,
796 1266 838 1335 ut
858 1284 1041 1361 nunquam
1065 1260 1162 1335 vobis
1187 1260 1378 1358 vestrisque
1402 1259 1526 1335 studiis
1547 1259 1668 1336 desim.
1719 1263 1785 1337 (le-

266 1386 401 1467 tarum,
433 1378 521 1478 quid
547 1379 585 1454 in
616 1379 835 1456 institutione
863 1405 943 1457 mea
974 1386 1153 1468 summum
1184 1381 1344 1456 futurum
1379 1378 1443 1466 sit,
1476 1381 1571 1478 quod
1603 1381 1701 1456 vobis
1729 1383 1782 1457 iu·

266 1500 401 1575 calcare
431 1500 592 1575 studeam
623 1545 675 1560 —
706 1500 771 1576 hac
797 1525 875 1576 mea
905 1501 1071 1576 Oratione
1096 1501 1214 1576 habita
1237 1541 1286 1557 -
1314 1499 1420 1574 nohte
1447 1524 1620 1598 quaerere.
1669 1503 1784 1593 Quan-

267 1644 374 1720 quam
404 1619 498 1695 enim
528 1627 564 1694 at
592 1618 691 1692 vobis
720 1620 915 1695 cavendum
946 1621 1092 1694 etmihi
1115 1620 1238 1695 sedulo
1262 1617 1516 1718 invigilandum
1540 1627 1613 1708 cst,
1645 1645 1690 1694 ne
1715 1621 1784 1697 illio

266 1737 482 1812 Pantheiami
509 1736 700 1811 subtilioris
731 1739 784 1812 vel
812 1739 1001 1825 ἀπιστίαις
1024 1738 1211 1814 cuiuslibet
1236 1737 1387 1827 formae,
1411 1763 1456 1812 ne
1481 1739 1537 1814 hic
1562 1740 1785 1840 Separatismi
1927 1769 1931 1778 ·

160 1897 167 1912 ·
265 1865 301 1930 et
329 1855 521 1932 anatismi
551 1856 683 1955 laqueis
699 1857 940 1964 ‘circumventi
962 1857 1184 1947 irretiamini3
1221 1883 1266 1932 ex
1288 1858 1404 1933 animo
1426 1865 1543 1934 umen
1567 1861 1704 1958 gaudeo
1725 1886 1782 1936 me

264 1976 354 2051 hano
385 1976 547 2052 sortitum
577 2001 653 2050 esse
686 1976 918 2077 provinciam,
950 1978 1102 2077 inqua,
1136 1978 1264 2054 relictis
1297 1979 1351 2052 vel
1372 1979 1529 2079 sepositis
1551 1979 1783 2056 acerbioribus

265 2096 404 2185 litibus,
437 2096 631 2172 Historiam
657 2097 770 2197 ipsam
804 2097 1006 2196 loquentem
1028 2097 1216 2187 inducam,
1246 2097 1300 2172 val
1324 2097 1407 2173 talia
1429 2097 1608 2174 vobiscum
1628 2124 1783 2176 commu·

265 2217 410 2305 uicabo,
445 2218 562 2315 quahu
596 2216 748 2292 maxime
779 2241 894 2294 mores
927 2224 963 2290 at
996 2217 1103 2291 vitam
1134 2223 1301 2315 spectant.
1327 2256 1378 2275 -
1405 2218 1554 2291 nPectus
1583 2226 1656 2307 cst,
1690 2220 1785 2319 quod

110 2409 118 2422 ,
266 2336 482 2435 Theologum
510 2335 636 2412 lacit!'’
685 2337 765 2412 Hoc
788 2337 965 2412 Nasuam
991 2335 1145 2424 dictum,
1178 2334 1274 2434 quod
1296 2334 1347 2407 vir
1371 2337 1530 2410 summus
1550 2361 1612 2435 pro
1635 2337 1725 2413 vitae
1749 2348 1784 2413 et

266 2456 460 2530 studiorum
481 2463 611 2530 tessera
632 2456 831 2554 usurpavit,
866 2462 901 2530 at
927 2456 1092 2544 anobis,
1122 2455 1184 2555 qui
1208 2455 1245 2527 in
1271 2453 1395 2528 iisdem
1417 2456 1537 2530 castris
1561 2479 1632 2531 una
1655 2458 1781 2534 militu-

266 2575 402 2663 bimur,
434 2580 552 2648 nostro
574 2574 699 2650 vexillo
722 2573 928 2674 inscriptum
952 2574 1073 2649 valiml
1101 2615 1150 2632 -
1176 2575 1279 2648 oNon
1306 2597 1364 2647 mo
1386 2574 1549 2673 cuiquam
1569 2576 1783 2676 mancipavi,
1859 2663 1861 2666 ,

264 2694 396 2770 nullius
414 2717 542 2768 nomen
556 2691 664 2769 fero.''
713 2694 761 2768 Et
781 2694 846 2770 hoc
858 2695 1024 2769 Smnoaa
1041 2693 1204 2781 effatum,
1222 2693 1317 2792 quod
1329 2691 1576 2769 Raruflaanus
1601 2695 1713 2794 operis
1727 2697 1782 2770 sui

262 2811 489 2902 immortalis,
513 2812 704 2887 doctrinam
724 2837 861 2888 morum
880 2813 1096 2903 exhibentis,
1119 2812 1222 2887 titulo
1243 2812 1457 2894 exurendum
1473 2813 1625 2902 curavit,
1654 2815 1782 2891 iterum

262 2933 459 3032 iterumque
478 2932 577 3008 robis
599 2933 637 3006 in
657 2933 860 3009 memoriam
879 2933 1055 3010 revocabo.
1107 2933 1185 3008 Neo
1204 2941 1323 3008 tamcu
1346 2932 1434 3008 illud
1454 2933 1589 3009 dictum
1606 2934 1656 3010 itu
1675 2935 1782 3011 inter·
1905 3001 1908 3008 .

262 3054 443 3154 prolabor,
474 3059 515 3128 nt
537 3078 597 3129 vos
619 3078 638 3128 c
660 3054 854 3128 Stoicorum
879 3061 996 3129 monte
1018 3052 1237 3155 arrogantius
1262 3077 1381 3153 sapere
1408 3053 1462 3129 vel
1486 3055 1613 3130 sentire
1640 3055 1782 3146 doceat,

264 3175 326 3250 sed
349 3180 409 3264 ut,
433 3198 548 3275 noque
569 3174 607 3248 in
630 3175 798 3249 Veterum
823 3173 1088 3274 placitaneque
1112 3174 1150 3248 in
1177 3175 1329 3250 cuiusvis
1353 3175 1553 3250 recentioris
1575 3175 1780 3277 Philosophi

262 3295 318 3370 vel
335 3293 504 3395 Theologi
523 3294 627 3369 verba
643 3293 817 3383 iurantes,
842 3295 930 3370 tales
947 3296 1100 3371 evadatis
1120 3295 1254 3394 (quales
1270 3294 1324 3370 his
1340 3297 1491 3371 maxime
1506 3295 1630 3370 diebus
1643 3295 1780 3372 futuros

263 3416 446 3490 Sacrorum
473 3414 659 3489 Antistites
689 3413 776 3490 mihi
810 3421 906 3513 opto)
940 3415 1003 3489 viri
1027 3416 1251 3515 occupasse,
1286 3414 1453 3512 Theologi
1488 3438 1565 3488 vera
1598 3414 1778 3490 Eclecticil

263 3535 367 3610 Hanc
385 3535 463 3610 dico
475 3534 717 3635 adaequatur,
732 3559 803 3635 qua
815 3533 1028 3623 Hananias,
1049 3535 1101 3609 vir
1117 3533 1340 3620 immortalis,
1363 3555 1507 3606 suorum
1528 3531 1779 3632 discipulorum

263 3655 397 3729 animos
431 3655 588 3731 imbuere
620 3655 748 3744 voluit,
785 3679 876 3753 quae
903 3653 984 3728 licet
1011 3654 1091 3727 lixis
1121 3660 1157 3726 et
1190 3651 1374 3727 stabihbus
1408 3651 1588 3752 principiis
1624 3653 1777 3742 nitatur,

263 3775 436 3850 humanae
464 3773 711 3882 imbecillitatis
744 3772 841 3848 haud
863 3773 1064 3862 immemor,
1095 3797 1132 3847 se
1154 3772 1228 3847 aina
1251 3771 1368 3846 divino
1390 3772 1519 3848 auxilio
1543 3771 1631 3848 nihil
1651 3773 1778 3872 pollere

261 3894 370 3995 probe
406 3895 575 3993 cognorit.
601 3937 652 3954 -
674 3893 751 3968 Tali
773 3901 910 3992 pectore
935 3891 972 3966 in
996 3893 1202 3992 'lheologiae
1230 3892 1346 3967 studia
1370 3891 1600 3984 incumbatis,
1630 3895 1779 3970 Iuvenes

262 4014 495 4090 dilectissimil
521 4022 693 4115 quotquot
714 4014 876 4088 Ouarsro
899 4011 1042 4112 eiusque
1065 4013 1238 4088 Ecclesiae
1263 4035 1390 4086 nomen
1413 4011 1568 4089 dedistis.
1607 4015 1669 4088 Me
1682 4039 1779 4113 prae·

262 4142 399 4235 captore
426 4135 480 4209 vel
513 4134 629 4234 potius
651 4134 809 4208 eiusdem
831 4123 964 4207 itineris
988 4131 1113 4207 comite
1137 4131 1305 4220 utamini,
1337 4139 1391 4222 et,
1418 4133 1555 4232 quoties
1581 4139 1778 4232 temporum

262 4255 432 4329 aestuatio
454 4253 507 4330 rel
532 4263 669 4330 nostrae
691 4253 872 4328 tenuitatis
894 4252 1103 4329 conscientia
1129 4277 1193 4328 nos
1213 4252 1312 4352 angit
1332 4253 1386 4328 val
1407 4252 1589 4351 deprimit,
1614 4253 1777 4330 manibus

263 4381 369 4471 atque
390 4373 498 4448 oculis
519 4375 557 4450 in
578 4373 713 4450 coelum
734 4372 900 4462 sublatis,
925 4373 988 4448 has
1011 4373 1108 4472 pias,
1134 4382 1302 4472 tanquam
1323 4373 1451 4449 mentis
1472 4373 1549 4450 Deo
1569 4372 1778 4474 Christoque

261 4491 404 4569 devotae
428 4494 594 4595 suspiria,
618 4494 840 4570 effundamus
857 4519 992 4593 preces:
1019 4493 1079 4568 Sol
1099 4493 1271 4570 rcritatisl
1296 4493 1357 4567 Sol
1370 4493 1522 4568 lautitiae
1536 4493 1670 4570 illustra
1688 4496 1768 4570 uos!

958 4751 1084 4813 DIXI.
