4892 6184
675 695 742 763 204
1279 694 1577 763 lunlcls.

523 925 527 936 ’
674 904 789 992 oium,
823 903 873 979 ita
906 910 946 978 ut
974 903 1077 979 aliam
1107 909 1274 1003 agnoscat
1302 903 1544 978 auctoritatem
1567 900 1830 1000 nullumquam
1852 925 1945 1002 ⁸quae
1968 903 2006 978 in
2031 903 2189 1004 diligenti

673 1025 991 1124 phaenomenorum
1012 1022 1251 1099 observatione
1273 1029 1310 1096 et
1326 1021 1583 1122 eomputatione
1599 1029 1636 1096 et
1655 1019 1799 1096 veritato
1823 1046 1868 1096 ex
1886 1021 1943 1098 hia
1962 1023 2069 1099 rebus
2085 1023 2189 1100 ducta

675 1144 721 1218 sit
743 1143 866 1242 posita.

723 1263 794 1336 Sed
828 1263 873 1339 ab
903 1263 1010 1338 altera
1047 1270 1145 1362 parte
1177 1259 1347 1337 Ordinem
1381 1285 1456 1336 nou
1476 1261 1643 1362 fugeruut
1665 1261 1704 1336 in
1730 1285 1834 1362 opere
1860 1262 1961 1352 vitia,
1995 1263 2191 1364 dequibus

674 1382 808 1482 aliquid
839 1383 1052 1460 monendum
1085 1383 1297 1458 existimavit
1327 1383 1381 1458 vel
1406 1383 1444 1458 in
1471 1384 1621 1460 auctoris
1646 1382 1806 1482 gratiam.
1855 1383 1978 1458 Oratio
1999 1384 2076 1458 eius
2097 1384 2191 1458 enlta

673 1503 818 1578 minime
849 1503 919 1579 dici
943 1511 1078 1603 potest3
1112 1502 1255 1603 attingit
1286 1502 1370 1578 talia
1400 1511 1522 1578 auctor
1549 1501 1698 1577 subinde
1733 1526 1824 1602 quae
1848 1503 1880 1578 ai
1902 1503 2190 1579 delineatiouibus

674 1629 736 1698 aut
758 1623 969 1724 praeparatis
993 1623 1122 1699 additis
1140 1623 1402 1712 illustravisset,
1425 1619 1551 1722 operae
1573 1623 1724 1723 pretium
1747 1622 1890 1696 omniuo
1911 1622 2060 1698 fecisset.
2098 1623 2189 1698 Iau-

675 1744 772 1818 dnvit
799 1746 869 1819 iam
894 1745 991 1820 Ordo
1013 1745 1051 1818 in
1073 1751 1212 1819 auctore
1238 1743 1334 1842 quod
1354 1766 1425 1818 nou
1452 1768 1491 1817 se
1514 1743 1679 1842 cuiquam
1700 1743 1929 1842 manciperit3
1953 1743 2017 1817 sed
2040 1743 2189 1843 pruden-

674 1862 761 1937 tiam
781 1871 899 1938 tamen
919 1864 956 1938 in
979 1864 1084 1939 modo
1104 1888 1175 1962 quo
1193 1863 1311 1963 plures
1337 1889 1395 1938 res
1412 1865 1607 1964 propositae
1624 1870 1708 1938 sunt
1723 1862 1940 1938 desideravit.
1964 1864 2013 1938 Et
2026 1864 2189 1962 quemad·

674 1981 819 2056 modum
850 1983 992 2082 iugenio
1011 1984 1163 2058 multum
1188 1985 1301 2059 valere
1323 1992 1499 2059 auctorem
1518 1982 1785 2070 animadvertit,
1808 1982 1859 2057 ita
1883 2008 1954 2058 nou
1979 1990 2086 2084 negat
2110 2009 2190 2058 eum

673 2101 814 2201 iugenio
842 2103 1020 2178 interdum
1051 2103 1202 2178 abusum
1238 2100 1346 2176 fumea
1376 2111 1413 2176 et
1440 2102 1687 2178 similitudines
1716 2107 1753 2175 et
1785 2101 1961 2201 analogias
1984 2102 2190 2200 quaesivisse

673 2248 761 2322 quas
779 2225 952 2300 maturius
974 2225 1143 2300 iudicium
1166 2223 1307 2298 reiicere
1328 2223 1478 2312 debeat,
1501 2223 1552 2298 ita
1575 2231 1617 2296 ut
1641 2220 1766 2296 Ordiui
1786 2245 1927 2320 quoque
1948 2221 2092 2296 minime
2113 2248 2191 2298 vera

673 2342 746 2416 visa
772 2343 843 2416 sint
869 2344 986 2418 omnia
1011 2367 1241 2443 quaecuuque
1263 2343 1301 2418 iu
1325 2342 1561 2442 disputatione
1585 2350 1670 2416 snut
1695 2341 1840 2441 prolata.
1890 2341 1983 2414 Sunt
2008 2366 2091 2416 sune
2107 2342 2191 2416 haee

673 2463 757 2536 vitia
790 2463 934 2538 iuvenili
964 2465 1071 2538 aetati
1098 2463 1170 2538 fere
1203 2462 1363 2562 propria,
1387 2463 1450 2536 sed
1471 2488 1562 2561 quae
1585 2462 1722 2536 silentio
1748 2461 1933 2558 praeterire
1958 2461 2073 2536 noluit
2096 2461 2192 2535 Ordo

672 2607 717 2654 ue
747 2582 880 2660 auctori
913 2607 1019 2680 quem
1049 2583 1169 2681 magui
1204 2583 1288 2656 lacit
1312 2606 1457 2656 aureum
1481 2581 1588 2656 illud:
1625 2607 1754 2656 nnoace
1773 2589 1809 2654 te
1829 2583 1967 2678 ipanm”
1996 2581 2192 2656 inculcandi

672 2701 886 2776 oooasiouem
913 2701 1089 2802 negligat,
1120 2709 1157 2776 et
1189 2711 1232 2775 ut
1254 2726 1336 2776 eum
1358 2726 1429 2777 nou
1453 2702 1525 2776 solo
1549 2701 1691 2801 ingenio
1710 2701 1773 2774 sed
1794 2709 1954 2776 aueumta
1975 2699 2131 2776 doctriua
2154 2708 2191 2776 et

671 2819 801 2894 iudicio
825 2827 963 2896 maturo
988 2821 1025 2895 in
1051 2820 1244 2919 disciplinis
1266 2846 1356 2920 opus
1378 2847 1455 2898 esse
1478 2822 1609 2898 doceat.

721 2937 854 3012 Verum
880 2937 945 3014 hoo
971 2947 1053 3014 utut
1077 2947 1130 3014 est
1157 2941 1234 3015 eins
1259 2941 1369 3016 labori
1392 2943 1546 3041 primum
1569 2943 1684 3018 locam
1708 2942 1933 3018 tn'buendum
1959 2967 2033 3018 esse
2054 2941 2190 3016 oeuauit

673 3058 792 3147 Ordo,
817 3059 874 3133 cui
897 3055 1073 3159 responsio
1093 3061 1123 3135 si
1149 3061 1308 3135 universe
1329 3061 1426 3160 loqui
1451 3063 1553 3137 liceat
1572 3062 1764 3139 admodum
1786 3063 1927 3163 placuit

721 3180 881 3254 Alterum
914 3203 1118 3279 responsum
1151 3181 1277 3254 Intiue
1306 3181 1540 3282 conscriptum
1572 3183 1659 3258 item
1691 3183 1845 3258 multum
1877 3183 2009 3283 placuit
2044 3179 2188 3266 Ordini,

672 3297 758 3395 quin
781 3298 832 3374 ita
855 3299 1089 3398 oonseriptum
1115 3307 1170 3375 est
1189 3307 1232 3372 ut
1251 3299 1349 3375 nullo
1368 3301 1475 3377 modo
1496 3300 1726 3378 dubitavisset
1746 3303 1781 3378 ei
1799 3301 1994 3401 praemium
2020 3299 2188 3385 tribuere,

669 3415 738 3492 nisi
759 3417 911 3517 primum
932 3417 1021 3493 illud
1043 3419 1280 3518 praestantius
1300 3421 1415 3496 visam
1435 3421 1469 3496 ei
1487 3421 1622 3498 fuisset.

719 3535 770 3609 Ut
801 3537 847 3613 ab
878 3544 1021 3614 externa
1047 3538 1157 3614 forma
1180 3538 1390 3638 incipiamus
1414 3542 1524 3616 oratio
1549 3567 1620 3640 qna
1640 3568 1844 3642 expressum
1866 3551 1921 3618 est
1944 3539 2130 3642 probabilis
2151 3549 2187 3612 et

670 3665 843 3754 quantum
876 3657 914 3732 iu
945 3658 1117 3732 eiusmodi
1147 3667 1356 3757 argumento
1381 3661 1458 3735 iure
1482 3687 1505 3736 a
1534 3663 1660 3738 iuvene
1691 3664 1865 3761 requirere
1888 3663 1970 3738 tioet
1992 3660 2076 3736 satia
2099 3659 2186 3732 bene

669 3775 814 3863 latina,
839 3775 889 3850 ita
910 3783 951 3850 ut
975 3776 1078 3852 laude
1102 3777 1210 3877 digua
1234 3778 1464 3855 existimanda
1487 3781 1543 3855 ait.

718 3892 852 3968 Addita
881 3901 965 3968 suut
984 3905 1185 3994 praeparata
1205 3897 1449 4000 microsoopiea
1469 3925 1615 3976 numero
1636 3903 1759 3978 multa
1809 3903 1977 3978 Adiectae
1998 3899 2080 3974 dein
2101 3897 2183 3972 deli·

670 4011 847 4086 neatiouee
868 4011 1114 4102 nitidissimae,
1133 4041 1221 4114 quas
1243 4042 1381 4094 summa
1401 4045 1486 4096 eura
1507 4021 1738 4096 conficiendas
1759 4021 1893 4097 curavit
1915 4027 2047 4094 aneton.
2097 4017 2182 4090 Uui·

669 4155 788 4206 versus
806 4131 946 4206 habitus
969 4139 1133 4208 externus
1156 4135 1262 4210 huius
1280 4145 1448 4214 tractatus
1467 4165 1550 4217 eum
1568 4142 1790 4218 oommeudat
1809 4148 1951 4241 propter
1966 4138 2179 4238 diligentiam

666 4251 703 4324 iu
736 4275 778 4325 eo
808 4252 1046 4352 componendo
1077 4261 1114 4328 et
1141 4255 1351 4331 absolvendo
1374 4259 1535 4356 positam.
1583 4261 1660 4335 Nee
1685 4260 1805 4336 minua
1827 4282 1985 4336 summae
2007 4257 2045 4331 iu
2067 4255 2180 4330 elabo-
2256 4251 2262 4258 ’

665 4370 798 4446 ratione
815 4395 918 4446 enrae
935 4371 1068 4470 positae
1091 4374 1190 4448 testis
1206 4383 1260 4450 est
1276 4375 1466 4475 disputatio
1483 4379 1570 4479 ipsa
1618 4379 1835 4480 compactus
1855 4378 2039 4455 historicus
2059 4399 2178 4450 eorum

529 4489 536 4494 ”
667 4514 757 4588 quae
788 4491 1023 4567 reeentissimo
1053 4500 1207 4593 tempore
1232 4496 1278 4570 de
1299 4495 1390 4572 liene
1416 4499 1543 4598 scripta
1567 4507 1669 4590 silut,
1692 4499 1939 4600 plenissimus,
1962 4495 2177 4580 uberrimus,

516 4665 522 4678 .
665 4609 916 4699 lucidissimus,
941 4611 991 4686 ita
1013 4619 1055 4686 ut
1077 4613 1142 4690 hae
1165 4615 1202 4689 in
1226 4639 1265 4691 ra
1287 4616 1345 4690 vix
1367 4617 1500 4716 aliquid
1523 4618 1696 4696 desideret
1719 4621 1828 4695 Ordo.

713 4701 799 4804 Pais
822 4755 912 4828 quae
937 4733 1173 4831 expedimenta
1192 4743 1230 4810 et
1251 4733 1506 4812 observationes
1526 4739 1682 4838 proprias
1703 4739 1855 4816 auctoris
1876 4739 2050 4824 eontinet,
2080 4732 2177 4807 testis

666 4857 719 4922 est
739 4851 879 4926 omuino
903 4875 1049 4952 maguae
1073 4853 1287 4943 industriae,
1310 4853 1558 4934 observationis
1581 4859 1824 4958 miorasoopiae
1850 4857 1993 4958 peritiae
2015 4863 2053 4931 et
2070 4851 2176 4929 facul·
