4892 6184
702 681 746 750 20
1240 683 1274 748 ll.
1315 683 1356 748 G.
1395 683 1691 750 unitata

702 887 1009 978 artem,ncndum
1032 889 1267 990 excogitatum
1289 891 1696 990 estalterumsystems,
1715 909 1788 988 quo
1808 887 2013 964 irritam
2032 891 2080 964 sit
2099 917 2225 992 opera,

703 1031 810 1109 quam
837 1005 2098 1110 ingravissimareposueratririnpaueisstreuuuaetlaboricsna

749 1127 965 1206 Praeclaram
986 1128 1136 1202 vidimus
1157 1135 1193 1202 et
1220 1127 1425 1204 duraturam
1450 1129 1736 1214 Srromnm,
1766 1125 2031 1226 orthographiae
2056 1129 2226 1204 Nearlau-

702 1247 799 1324 dicac
822 1247 1082 1336 instauratoris,
1107 1271 1183 1322 esse
1205 1247 1359 1322 laudem.
1397 1249 1473 1324 Nec
1496 1257 1614 1322 tamen
1633 1247 1672 1320 iu
1685 1245 1949 1320 constituendae
1961 1245 2103 1348 liuguae
2116 1249 2228 1324 torma

701 1378 737 1442 et
775 1375 955 1468 tamquam
988 1367 1204 1442 resarcienda
1236 1375 1332 1442 reste
1359 1367 1553 1466 acquievit,
1587 1365 1650 1440 sed
1681 1365 1721 1438 iu
1754 1365 1916 1440 intimam
1948 1367 2026 1440 eius
2056 1370 2229 1444 cilicimm

702 1487 899 1590 parvenisse
928 1487 1073 1588 eiusque
1104 1488 1257 1563 indolem
1282 1513 1321 1564 se
1343 1489 1485 1588 penitus
1504 1485 1723 1586 perspexisse
1744 1485 1866 1560 multis
1886 1485 2047 1583 probarit
2071 1491 2229 1588 sniptis,

702 1633 852 1709 quorum
888 1607 1019 1710 duplex
1049 1609 1220 1708 imprimis
1245 1617 1320 1684 erat
1343 1607 1435 1684 finis.
1484 1606 1536 1680 Ut
1561 1605 1657 1681 euim
1685 1605 1937 1680 demonstraret
1959 1609 2226 1706 pnestantim,

702 1729 933 1831 elegantiam,
959 1729 1155 1806 ubertatem
1177 1731 1346 1804 sermonis
1365 1727 1493 1814 nostri,
1517 1727 1581 1826 qui
1603 1735 1640 1800 et
1661 1726 1775 1824 paeri·
1799 1735 1837 1798 et
1859 1751 1982 1824 prosae
2006 1729 2230 1827 scriptoribus

703 1851 879 1952 egregiam
900 1850 1080 1949 praeberet
1099 1849 1300 1937 materiem,
1320 1872 1392 1947 qua
1408 1846 1605 1946 exprimant
1625 1843 1714 1942 quid
1735 1843 1926 1917 sensissent
1945 1853 1982 1918 et
2002 1846 2229 1945 mgitameut,

703 1973 753 2046 ita
776 1971 932 2052 eiusdem
954 1970 1189 2071 integritatem
1207 1979 1245 2044 et
1263 1969 1458 2044 castitatem
1475 1965 1660 2040 vindicarit
1679 1963 1726 2038 ab
1746 1987 1865 2036 eorum
1886 1965 2147 2054 conaminibus,
2167 1967 2230 2066 qui

703 2091 860 2168 barbaria
890 2091 1037 2190 ‚vocibus
1074 2099 1110 2166 et
1144 2090 1348 2190 alieuigerds
1381 2088 1519 2164 dabam
1552 2085 1724 2160 maiorum
1757 2107 1953 2158 sermonem
1984 2085 2229 2186 inquinasset

702 2211 896 2288 adulterare
920 2211 1131 2286 nitebantur.

750 2332 823 2410 Qui
851 2341 922 2404 tam
950 2339 1108 2406 coeunte
1135 2329 1292 2429 linguam
1324 2337 1466 2404 noverat
1496 2327 1707 2427 linguaeque
1738 2325 1938 2414 historiam,
1971 2351 2054 2402 eum
2086 2353 2150 2427 par
2175 2336 2229 2401 est

700 2451 893 2524 litterarum
917 2447 1097 2523 historiam
1122 2447 1219 2522 hand
1240 2449 1359 2522 miuus
1384 2449 1550 2524 habuisse
1572 2447 1610 2520 iu
1633 2453 1827 2519 numerato.
1877 2446 2128 2545 Compluribus
2147 2473 2229 2522 saue

702 2571 999 2644 Srnoranuaxsus
1029 2566 1279 2642 demonstravit
1306 2568 1517 2644 doctissimis
1539 2566 1637 2640 libris
1657 2565 1696 2638 in
1718 2565 1785 2640 hac
1806 2590 1948 2666 quaque
1965 2576 2062 2666 parte
2081 2592 2229 2667 regum

703 2713 740 2762 se
759 2695 795 2761 et
814 2685 993 2774 habitare,
1021 2710 1133 2785 quum
1158 2697 1380 2788 componeret
1402 2691 1595 2763 litterarum
1607 2687 1806 2783 putrium
1829 2690 1990 2786 φοροίη
2015 2689 2229 2777 timon,

703 2831 814 2908 quunr
849 2807 1023 2882 indelessa
1052 2806 1226 2882 industria
1257 2832 1378 2884 eorum
1402 2807 1540 2884 adesset
1564 2804 1827 2892 conaminibus,
1852 2807 1916 2905 qui
1938 2807 2135 2906 antiquiora
2158 2831 2227 2880 ser·

701 2927 817 3002 monis
851 2927 1073 3004 Nearlaudici
1107 2936 1336 3004 monumenta
1370 2928 1417 3006 ab
1453 2927 1626 3002 oblivione
1663 2925 1905 3016 vindicabant,
1948 2952 2061 3025 quum
2094 2927 2228 3027 primm

701 3047 826 3124 talium
847 3071 964 3124 rernm
989 3047 1155 3123 studiosis
1187 3049 1234 3124 ad
1257 3057 1350 3124 recte
1371 3047 1647 3149 cognoscendam
1679 3047 1809 3121 saeculi
1831 3047 1957 3124 dammi
1978 3049 2117 3150 septimi
2136 3049 2226 3125 litte·

703 3191 823 3244 rarum
850 3167 1028 3245 historiam
1062 3168 1153 3244 viam
1180 3169 1352 3260 muniret,
1388 3195 1499 3270 quum
1526 3170 1573 3244 ad
1603 3168 1748 3242 intimae
1771 3167 1912 3268 liuguae
1934 3169 2100 3259 notitiae,
2132 3193 2226 3244 sum·

701 3313 780 3364 mae
812 3289 942 3389 ingenii
980 3288 1190 3390 elegantiae,
1223 3291 1430 3391 proprieque
1461 3289 1680 3390 eloquentiae
1713 3287 1824 3362 lacem
1856 3289 2064 3378 Vocantur,
2098 3291 2227 3364 Carsu

702 3407 918 3510 aliorumque
942 3410 1132 3486 multorum
1156 3419 1337 3510 poetarum
1361 3411 1515 3486 carmina
1537 3411 1725 3485 illustraret
1748 3416 1785 3482 et
1808 3409 2005 3508 explicaret.

747 3527 809 3604 Ad
848 3529 978 3630 duplex
1016 3555 1120 3631 supra
1159 3531 1312 3606 vidimus
1344 3554 1446 3617 eum,
1480 3527 1670 3604 Academia
1701 3525 1913 3621 instaurata,
1953 3553 2084 3605 munus
2118 3529 2225 3604 fuisse

700 3656 879 3738 vocatum,
904 3649 1034 3726 scilicet
1058 3659 1155 3726 utet
1176 3651 1309 3727 litteras
1331 3651 1462 3751 patrias
1483 3656 1519 3724 et
1539 3647 1672 3748 patriae
1693 3646 1872 3724 historiam
1892 3649 2084 3726 studioeam
2102 3651 2224 3725 iuven·

701 3774 814 3842 tutam
846 3767 994 3842 doceret.
1049 3771 1160 3845 Alteri
1194 3773 1300 3847 officii
1333 3771 1424 3871 parti
1458 3777 1672 3870 quantopere
1703 3792 1767 3868 par
1792 3767 1897 3844 luerit
1920 3771 2028 3845 modo
2052 3769 2222 3861 vidimus3

703 3885 766 3962 sed
801 3886 859 3960 vix
890 3887 1007 3962 miuus
1036 3887 1073 3962 in
1106 3887 1249 3964 historia
1279 3892 1449 3966 tradenda
1477 3891 1555 3966 eius
1587 3890 1657 3964 fuit
1682 3890 1771 3965 laus.
1821 3890 1965 3964 Adsunt
1989 3890 2085 3966 euim
2107 3914 2221 3967 rerum

702 4003 901 4082 testimonia
930 4005 1124 4096 uberrima,
1157 4032 1215 4084 eas
1246 4033 1385 4109 quoquc
1411 4009 1543 4109 ingenii
1569 4008 1691 4097 dotes,
1725 4009 1800 4084 sine
1827 4010 1957 4109 quibus
1981 4035 2088 4088 nemo
2110 4019 2222 4112 potest

705 4149 780 4202 esse
817 4149 932 4202 rerum
969 4125 1132 4225 scriptor,
1167 4153 1188 4203 a
1207 4127 1362 4228 benigna
1387 4138 1513 4205 natura
1541 4127 1575 4202 ei
1600 4126 1709 4203 fuisse
1729 4129 1871 4229 largiter
1892 4131 2098 4230 impertitas.
2146 4134 2221 4219 Ite,

702 4243 909 4322 Auditoreal
935 4246 1155 4324 admiramini
1174 4247 1240 4322 viri
1260 4249 1441 4349 ingenium
1459 4256 1565 4348 atque
1586 4247 1791 4337 sohertiam,
1815 4250 1887 4324 sive
1908 4251 2023 4352 legitis
2043 4251 2221 4328 historiam

701 4364 967 4442 Nearlaudieam
990 4391 1094 4467 quam
1121 4367 1258 4470 scripsit
1276 4369 1359 4445 inde
1375 4369 1421 4446 ab
1441 4368 1541 4444 initio
1552 4369 1741 4467 Dynastiae
1759 4371 2024 4472 Burgundicae,
2043 4372 2115 4447 sive
2129 4372 2219 4450 evd-

701 4485 781 4562 vitis
810 4487 939 4564 librum
968 4513 1039 4588 quo
1069 4487 1197 4566 civium
1229 4500 1442 4569 armatorum
1466 4515 1523 4566 res
1543 4496 1662 4590 gestas
1682 4489 1862 4598 describit,
1887 4493 1959 4569 sire
1980 4517 2219 4593 quaecumque

701 4602 797 4680 feras
821 4605 897 4682 eiua
920 4614 956 4683 et
979 4607 1061 4684 felix
1084 4611 1266 4710 ingenium
1287 4613 1429 4688 enixum
1452 4619 1507 4688 est
1532 4634 1598 4686 suc
1620 4609 1785 4710 quodque
1811 4612 1886 4688 loco
1911 4621 1947 4688 ct
1970 4614 2219 4718 pretiosumvet

703 4723 854 4825 elegans.
904 4727 1027 4829 Iagite
1059 4729 1228 4808 disertam
1260 4730 1515 4808 Wronnasnn
1548 4729 1721 4829 elogium,
1753 4739 1795 4807 ut
1827 4732 1972 4810 videatis
1997 4757 2117 4810 verum
2142 4757 2218 4809 esse

702 4845 797 4946 quod
825 4846 868 4925 da
893 4847 1164 4928 Sraasrraanno
1193 4851 1356 4932 historico
1383 4852 1529 4930 tulimus
1553 4849 1741 4941 iudicium,
1773 4852 1879 4952 legite
1904 4855 2068 4960 laconas
2092 4854 2217 4932 Bars-
