4892 6184
890 689 1168 760 ORATIO.
1545 740 1550 750 ·
1727 695 1791 762 143

321 896 381 970 Ad
408 903 538 971 metam
559 895 647 970 mihi
665 897 876 996 propositam
897 923 1079 999 properare
1100 923 1158 974 me
1179 898 1302 987 sinite,
1329 899 1374 974 A.
1395 899 1448 975 A!
1474 901 1551 976 Iam
1576 901 1787 999 perspicitis,

273 1025 314 1090 ut
347 1017 486 1116 opinor,
521 1015 733 1115 quibusnam
768 1018 812 1091 de
844 1021 976 1096 caussis
1015 1018 1192 1094 Historiae
1226 1019 1484 1094 Ecclesiasticus
1515 1027 1552 1094 et
1584 1019 1790 1120 Theologiae

272 1136 418 1211 Moralis
438 1136 595 1211 studium
616 1138 671 1212 lia
693 1141 838 1214 mamma
860 1141 977 1214 diebus
996 1146 1088 1214 arete
1112 1162 1187 1212 asse
1215 1138 1497 1237 coniungendum
1516 1142 1788 1216 asseveraverim.

272 1256 311 1328 Si
332 1257 426 1330 enim
445 1255 573 1331 iterum
594 1257 782 1355 quaeritur,
807 1283 960 1357 quanam
978 1260 1034 1334 via
1053 1259 1108 1333 vel
1128 1281 1280 1356 quonam
1294 1258 1421 1334 auxilio
1439 1261 1633 1360 aegrotanti
1652 1268 1789 1336 nostrae
1823 1337 1832 1354 ,

270 1375 443 1451 Ecclesiae
468 1377 514 1451 sit
537 1378 827 1452 succurrendum:
854 1379 913 1452 alii
933 1379 1020 1477 quid
1041 1379 1273 1476 respondeant
1298 1385 1334 1450 et
1358 1379 1508 1454 sentiant
1532 1379 1599 1453 sibi
1623 1379 1787 1470 viderint3

270 1495 434 1592 equidem
459 1499 523 1572 hoc
546 1496 778 1595 interrogatus
805 1496 863 1570 vix
885 1497 1015 1586 habeo,
1049 1498 1144 1596 quod
1167 1495 1411 1594 respondeam3
1438 1498 1549 1572 fflcam
1575 1522 1673 1588 vero,
1696 1500 1791 1598 quod

271 1616 392 1689 sentio.
443 1616 678 1715 Theologum,
715 1617 777 1714 qui
813 1616 906 1690 hisce
935 1616 1060 1690 diebus
1092 1616 1240 1690 doctoris
1269 1639 1398 1690 munus
1423 1617 1631 1715 auspicatur,
1658 1619 1789 1718 optima

270 1736 320 1808 rei
344 1735 560 1809 Christianae
582 1760 623 1808 ac
644 1759 727 1809 suae
747 1734 853 1808 aetati
873 1735 1051 1809 consulere
1073 1735 1377 1834 persuasissimum
1398 1736 1484 1810 mihi
1502 1745 1572 1826 est,
1596 1738 1789 1838 Religionis

270 1853 485 1927 Christianae
511 1852 627 1926 indole
651 1853 772 1928 morali
793 1853 997 1928 illustranda
1019 1862 1055 1928 et
1076 1854 1368 1943 commendanda,
1400 1856 1557 1954 adeoque
1581 1857 1788 1956 Theologiae

267 1971 429 2059 Moralis,
465 1971 691 2071 eiusdemque
721 1997 800 2048 vere
836 1972 1071 2062 Christianae,
1107 1971 1353 2074 explicatione,
1387 1999 1451 2050 nec
1487 1974 1604 2050 minus
1638 1975 1788 2074 practico

266 2089 443 2167 Historiae
470 2092 728 2168 Ecclesiasticus
764 2118 840 2168 usu.
891 2092 1049 2167 Historia
1074 2093 1123 2168 sic
1146 2100 1332 2182 tractetur,
1359 2104 1399 2168 ut
1420 2119 1543 2171 norma
1565 2119 1702 2186 morum
1726 2120 1786 2194 op·

267 2211 369 2298 tima,
402 2213 493 2286 vitae
524 2211 741 2286 Christianae
773 2213 846 2287 dux
880 2220 916 2286 et
952 2213 1124 2310 Magistra
1155 2213 1333 2288 habeatur.
1394 2215 1513 2312 Atque
1542 2215 1677 2290 utinam
1704 2215 1790 2290 haec¹

267 2339 385 2404 nostra
414 2338 508 2404 aetas
538 2329 715 2406 Historiae
747 2356 866 2406 vocem
898 2332 1117 2406 monitricem
1144 2332 1266 2407 audiat
1294 2339 1399 2431 atqua
1429 2334 1619 2420 auscultet,
1644 2333 1787 2408 minime

267 2457 308 2523 ut
335 2449 566 2524 Cassandram
595 2449 770 2526 incassum
801 2459 1051 2550 augurantem,
1087 2452 1141 2526 vel
1162 2451 1325 2549 Pythiam
1348 2451 1480 2527 incerta
1504 2453 1548 2527 de
1569 2478 1632 2528 suo
1652 2453 1788 2552 tripode

266 2570 404 2644 oracula
424 2569 601 2657 edentem,
628 2570 689 2644 sed
710 2571 830 2645 audiat
852 2578 1022 2670 tanquam
1044 2571 1182 2660 Deum,
1206 2581 1376 2670 tanquam
1401 2572 1580 2648 Christum
1605 2574 1722 2673 ipsum
1751 2575 1788 2648 in

266 2689 326 2763 illa
359 2690 569 2786 loquentem.
629 2688 835 2788 Theologiae
870 2690 997 2764 Morali
1028 2690 1177 2766 nimium
1212 2691 1390 2790 neglectae
1427 2716 1511 2767 suus
1552 2697 1620 2767 stet
1658 2693 1787 2780 honos,

265 2833 371 2882 suum
398 2807 603 2882 restituatur
627 2808 798 2907 pretium,
829 2817 867 2884 at
889 2811 938 2885 sic
960 2810 1157 2915 excolatur,
1182 2819 1224 2884 ut
1249 2836 1271 2885 a
1296 2810 1436 2884 Christo
1456 2811 1666 2912 principium
1692 2818 1789 2911 petat

265 2934 371 3026 atque
403 2928 520 3002 omnia
553 2926 600 3002 ad
632 2929 813 3005 Christum
844 2930 979 3006 referat.
1029 2921 1115 3005 Esto
1146 2929 1266 3030 igitur,
1298 2929 1522 3030 Theologiam
1544 2931 1789 3031 Dogmaticam

268 3049 407 3146 reginae
440 3048 550 3136 instar
581 3073 657 3122 esse
687 3048 888 3137 colendam,
920 3050 970 3124 ita
1002 3055 1125 3148 regnet
1147 3055 1253 3147 atque
1278 3048 1425 3146 imperet
1452 3055 1488 3123 et
1517 3049 1596 3138 illa,
1628 3055 1669 3123 ut
1694 3057 1787 3148 post·

266 3165 394 3242 habitis
414 3156 636 3243 inlnrotuosis
658 3167 799 3257 litibus,
826 3168 969 3244 maximi
983 3169 1088 3245 faciat
1102 3167 1360 3266 maximamque
1384 3193 1504 3244 curam
1527 3176 1625 3268 gerat
1649 3193 1787 3258 eorsum,

266 3313 355 3386 quae
383 3288 534 3364 mammo
568 3295 726 3387 spectant
756 3290 803 3365 ad
831 3289 949 3365 vitam,
1000 3289 1134 3364 Omnes
1162 3287 1369 3386 Theologiae
1405 3287 1606 3388 disciplinae
1631 3289 1789 3389 religioni

265 3414 301 3482 et
323 3408 414 3482 vitae
435 3406 592 3508 adeoque
621 3407 762 3483 Ethioes
790 3409 1007 3484 Christianae
1026 3407 1169 3483 consssio
1189 3408 1386 3483 inserviant.
1432 3409 1570 3506 Religio
1592 3409 1789 3484 Christiana

221 3612 224 3616 A
266 3528 401 3624 generis
418 3529 563 3603 humani
583 3528 794 3604 termentum
815 3554 853 3604 se
876 3528 1010 3628 probet.
1061 3525 1190 3601 Cuncti
1210 3526 1361 3624 denique
1382 3527 1567 3626 Theologi,
1593 3527 1785 3603 coniunctis

267 3645 420 3734 viribus,
444 3649 541 3722 omni
568 3673 652 3724 cura
677 3657 714 3723 et
739 3648 856 3722 studio
880 3672 921 3720 eo
946 3646 1142 3732 enitantur,
1167 3651 1208 3719 ut
1234 3645 1424 3720 accelerent
1448 3645 1676 3722 laetissimum
1698 3647 1786 3722 illud

267 3773 427 3864 tempus,
451 3768 517 3865 piis
541 3769 700 3844 omnium
723 3768 898 3842 cultorum
920 3765 989 3840 Dei
1017 3762 1197 3839 desideriis
1220 3771 1256 3838 et
1280 3764 1441 3862 precihus
1462 3773 1663 3866 exoptatum
1679 3775 1785 3866 atque

267 3884 509 3983 imploratum,
534 3913 626 3986 quo,
652 3887 780 3962 sedatis
800 3885 903 3974 rixis,
929 3883 1127 3982 compositis
1147 3883 1286 3973 litibus,
1312 3884 1473 3959 extinctis
1494 3885 1683 3962 discordiae
1703 3888 1784 3962 saci·

266 4005 355 4092 bus,
380 4005 444 4081 hoc
465 4030 610 4082 aureum
631 4008 751 4083 Psuar
774 4005 937 4080 effatum:
963 4008 1055 4092 civo,
1079 4007 1143 4078 aed
1160 4012 1287 4103 egomet
1311 4031 1376 4079 aon
1391 4008 1549 4104 amplius,
1575 4017 1615 4084 at
1634 4009 1786 4104 Christus

267 4127 304 4198 in
328 4151 381 4200 me
401 4129 486 4202 unit
507 4127 650 4202 unicum
671 4127 850 4204 universae
875 4125 1048 4202 Ecclesiae
1075 4130 1250 4222 superstes
1274 4125 1319 4198 sit
1341 4125 1563 4223 Symbolum!

894 4413 1157 4428 Μ

315 4604 416 4694 Quod
449 4605 479 4678 si
504 4613 622 4680 autem
648 4629 690 4680 ea
710 4603 854 4680 felicitas
875 4603 961 4679 mihi
987 4603 1189 4704 contigerit,
1223 4609 1264 4677 ut
1288 4601 1521 4700 quahcunque
1544 4625 1622 4675 maa
1641 4600 1781 4714 institu-

268 4720 363 4795 tione
391 4720 500 4796 luturi
540 4724 721 4798 Sacrorum
752 4722 937 4798 Antistites
969 4723 1006 4798 iu
1030 4723 1211 4821 utriusque
1237 4720 1344 4824 studii
1366 4745 1518 4797 amorem
1543 4719 1655 4820 magis
1677 4721 1783 4797 etiam

268 4841 455 4917 incitentur
487 4853 593 4942 atque
614 4849 827 4922 exacuuntur
851 4843 987 4920 -hoc
1017 4843 1114 4918 vobis
1140 4849 1321 4942 acceptum
1345 4841 1511 4932 referam,
1535 4840 1611 4916 Viri
1631 4843 1782 4941 Ampha-
