4892 6184
885 695 1161 766 ORATIQ
1713 702 1778 771 w⁵

264 906 423 993 retineri,
457 928 573 1003 neque
602 903 711 1003 igitur
743 903 801 981 bic
829 911 866 981 et
894 929 989 981 nuno
1018 904 1248 995 deserendus,
1281 906 1348 983 etsi
1370 906 1455 983 haec
1478 906 1593 983 schola
1615 907 1777 998 illustris,
1832 920 1835 923 ’

264 1036 306 1101 ut
333 1025 500 1126 plurima,
531 1025 597 1100 hoc
628 1023 734 1099 ctiam
762 1023 912 1101 liberum
934 1025 1005 1101 le'rc
1034 1032 1152 1102 nostro
1173 1024 1317 1101 arbitrio
1337 1025 1588 1125 sapientissime
1613 1028 1777 1127 permise-

262 1147 326 1233 rit;
358 1145 504 1220 bamus
520 1144 641 1243 igitur
662 1144 923 1220 consuetudinis
943 1170 1049 1222 causa
1066 1152 1103 1221 ct
1125 1144 1355 1221 humanitatis
1377 1154 1500 1245 sponte
1517 1154 1666 1245 nostra„
1680 1150 1776 1249 quod

262 1264 346 1338 alibi
372 1263 509 1362 legibus
541 1265 602 1352 fit,
637 1262 808 1363 nobisque
840 1289 904 1364 per
930 1273 1065 1341 nostras
1095 1265 1191 1363 leges
1224 1264 1279 1340 vel
1306 1264 1372 1343 hoc
1400 1265 1500 1357 licet,
1526 1274 1567 1341 ut
1591 1276 1652 1341 res
1671 1290 1776 1343 novas

262 1382 446 1457 moliamur
470 1389 507 1457 et
528 1383 654 1459 fiamus
674 1367 876 1473 inhumani,
901 1384 997 1483 quod
1014 1384 1190 1460 nobismet
1207 1384 1292 1483 ipsis
1316 1387 1551 1485 respuendum
1565 1388 1775 1463 conceditur.
1894 1370 1897 1389 ⁵

262 1503 463 1578 &amonem
495 1510 616 1579 autem
643 1504 810 1579 Latinum
837 1528 919 1579 eum
937 1505 1071 1591 dicam
1103 1503 1199 1579 subit
1218 1503 1395 1594 animum,
1428 1517 1639 1606 quantopere
1664 1509 1775 1583 homi·

262 1645 350 1697 num
369 1623 567 1698 communio
589 1632 669 1722 post
689 1624 853 1698 Bacorus
870 1631 907 1698 et
923 1624 1071 1697 llnnsrm
1092 1630 1248 1722 tempora
1272 1630 1408 1701 mutata
1430 1626 1495 1714 sit,
1520 1650 1565 1701 ne
1582 1634 1661 1726 post
1682 1629 1776 1728 ipsos

261 1749 394 1816 veteres
426 1741 557 1830 dicam,
595 1742 813 1816 Creunoumr
845 1742 1103 1840 Tacrnurrquc,
1132 1766 1220 1840 quos
1243 1767 1327 1841 prae
1350 1745 1472 1820 ceteris
1497 1746 1691 1845 suspiciunt
1715 1772 1775 1822 no·

263 1870 406 1950 stratas,
439 1885 503 1936 nec
532 1862 563 1934 si
590 1860 731 1935 eximia'
744 1861 915 1936 maiorum
936 1860 1095 1961 ingenia,
1120 1861 1193 1937 suis
1216 1863 1432 1962 temporibus
1453 1865 1616 1954 audaces,
1642 1892 1684 1941 ex
1709 1892 1777 1944 usu

258 1981 440 2079 utriusque
466 1981 607 2081 linguae
635 1979 823 2058 excolendo
847 1980 967 2081 generi
987 1976 1142 2055 humano
1165 1979 1294 2056 bonam
1321 1980 1459 2082 frugem
1484 1983 1679 2060 derivantes
1702 2009 1773 2059 non

260 2110 495 2189 morarentur,
520 2100 694 2201 quidquid
710 2101 945 2201 ignomntium
966 2107 1122 2176 catervae
1141 2100 1451 2192 submussitarent,
1476 2102 1577 2178 nobis
1599 2110 1661 2179 aut
1673 2106 1777 2179 cmit-

258 2229 330 2295 tere
354 2228 416 2296 aut
435 2222 593 2319 ignorare
618 2220 713 2309 licet,
737 2222 825 2319 quid
842 2227 1001 2296 nostmm
1025 2220 1096 2295 iam
1117 2220 1270 2320 postulet
1287 2244 1422 2298 aevum
1458 2222 1621 2321 Requirit
1635 2231 1774 2312 autem,

259 2348 300 2413 ut
326 2340 427 2415 utilia
450 2341 592 2440 quaevis
618 2340 885 2440 amplectamur,
915 2363 1030 2439 neque
1052 2342 1227 2441 optionem
1255 2341 1357 2430 sinit,
1383 2350 1445 2417 aut
1464 2343 1671 2435 venerabilia
1696 2345 1776 2419 reti-

258 2461 332 2533 neri
364 2461 496 2559 patitur
523 2460 736 2559 simulatque
770 2459 927 2535 obsoleta
956 2448 1049 2536 sunt.
1109 2460 1217 2538 Quod
1252 2461 1429 2560 deplorare
1460 2462 1560 2551 licet,
1593 2470 1647 2538 ast
1675 2472 1777 2563 urget

257 2580 454 2655 necessitas.
504 2581 682 2680 Agamus,
715 2579 911 2655 laboremus
944 2580 982 2654 in
1007 2578 1128 2653 vividis
1156 2580 1415 2678 praesentibus3
1449 2588 1587 2658 modus
1607 2583 1776 2682 sepeliant

257 2699 441 2799 praeterita
464 2701 792 2792 mortuossuos1).
837 2702 888 2774 At
908 2700 975 2774 hoc
996 2698 1189 2798 periculum
1211 2699 1385 2776 aeduus
1407 2709 1565 2791 nostrae,
1589 2711 1625 2779 et
1647 2704 1775 2779 exerci-

257 2820 397 2895 tationis
431 2820 470 2893 in
499 2820 698 2896 adhibendo
733 2842 891 2895 sermone
924 2819 1009 2894 olim
1044 2818 1186 2918 quidem
1217 2820 1466 2910 intermortua,
1501 2820 1564 2896 sad
1593 2822 1648 2898 vel
1681 2848 1776 2899 nune
1845 2923 1850 2928 .

255 2962 372 3014 rerum
402 2940 559 3029 domino,
596 2964 666 3015 non
701 2962 771 3039 ego
802 2938 833 3013 is
864 2962 945 3015 sum
980 2938 1043 3037 qui
1071 2962 1238 3015 recusem
1288 2941 1383 3015 Nam
1413 2940 1452 3013 id
1486 2964 1588 3015 nemo
1612 2933 1775 3039 negabit,
1836 2928 1843 2934 ’

256 3082 339 3152 cum
359 3060 482 3135 ceteris
503 3067 676 3160 praestare
703 3057 766 3156 qui
790 3058 920 3157 alioqui
941 3081 1042 3156 pares
1064 3065 1148 3131 sunt
1167 3056 1352 3156 philologi,
1384 3058 1446 3157 qui
1471 3058 1588 3135 latini
1610 3062 1777 3136 sermonis

257 3187 339 3277 apto
359 3179 566 3278 et,eleganti
587 3178 768 3280 splendeat
791 3200 879 3266 usu,
905 3183 942 3251 ct
967 3199 1031 3251 suo
1052 3174 1160 3275 igitur
1180 3175 1251 3252 iere
1274 3177 1350 3251 iure
1373 3177 1462 3254 banc
1486 3180 1592 3255 etiam
1614 3181 1652 3254 in
1675 3182 1776 3255 nobis

256 3298 456 3373 facultatem
493 3300 702 3398 anquirunt,
737 3296 851 3397 qualis
885 3296 941 3373 sit.
998 3296 1045 3369 Id
1082 3319 1193 3371 unum
1227 3297 1383 3395 requiro,
1415 3322 1460 3373 nc
1483 3298 1572 3374 bane
1595 3299 1704 3375 solam
1728 3300 1774 3375 ob

256 3442 416 3504 eausam,
449 3418 549 3517 quasi
580 3418 645 3493 hoc
674 3418 816 3493 unicum
850 3423 913 3490 aut
943 3413 1137 3489 maximum
1159 3423 1251 3489 esset
1270 3423 1486 3517 κριτήριον,
1522 3426 1773 3518 anteponamur

213 3631 217 3640 1
257 3537 332 3609 aliis
363 3536 423 3609 alii
451 3546 487 3609 et
508 3534 757 3611 diiudieemur:
791 3535 938 3611 alterum
960 3533 1088 3609 deinde
1112 3540 1185 3609 arte
1209 3534 1456 3624 coniunctum,
1482 3544 1519 3609 et
1545 3538 1640 3636 quod
1669 3540 1774 3613 verbo

256 3678 523 3729 commemorare
553 3652 679 3729 licebit.
740 3653 861 3729 Putidi
892 3655 1053 3729 fieremus
1083 3661 1120 3728 et
1150 3653 1295 3743 insulsi,
1329 3654 1397 3729 nisi
1422 3653 1568 3730 facimus
1595 3656 1652 3746 id,
1679 3659 1773 3756 quod

256 3774 387 3848 iaciunt
420 3774 537 3872 plmes
562 3798 667 3872 quam
691 3774 910 3849 confitentur.
960 3771 1039 3847 Hoc
1063 3780 1181 3848 autem
1205 3772 1336 3863 idest,
1372 3782 1412 3848 ut
1437 3773 1524 3849 dum
1549 3775 1772 3853 observamus

257 3892 378 3968 sedulo
402 3893 574 3967 scribendi
594 3893 782 3983 rctiomm,
807 3917 878 3991 qua
903 3892 1057 3991 optimus
1083 3892 1232 3992 quisquc
1258 3893 1464 3993 scriptorum
1489 3918 1573 3971 usus
1599 3896 1660 3986 sit,
1685 3898 1771 3973 dum

255 4012 361 4111 pmbe
382 4012 428 4087 sit
450 4014 658 4103 tenendum,
690 4036 863 4113 quaenam
886 4013 923 4087 in
945 4012 1400 4088 c1cne0m‘voabulcrum
1425 4014 1555 4091 formae
1578 4025 1641 4092 aut
1664 4018 1770 4117 signi-

254 4132 450 4222 ficationes,
475 4158 646 4233 quaenam
667 4133 856 4208 locutiones
868 4131 965 4232 apud
976 4131 1180 4224 Causennis
1192 4156 1263 4207 non
1277 4132 1514 4223 inveniantur,
1533 4159 1577 4210 ne
1593 4136 1768 4212 Hoaanro

201 4240 206 4247 ’
255 4250 484 4327 obtrudamus
521 4252 617 4351 quod
652 4252 884 4353 Virgilianum
917 4258 990 4339 est,
1028 4248 1083 4325 vel
1108 4274 1231 4327 aureae
1261 4276 1351 4351 quae
1386 4252 1495 4327 fertur
1525 4254 1630 4329 aetati
1664 4277 1768 4354 quae·

256 4392 406 4468 cumque
426 4372 522 4470 apud
543 4373 713 4448 uicinus
731 4372 898 4472 legimus,
922 4376 1076 4447 attamen
1100 4370 1131 4444 si
1153 4371 1239 4470 ipsis
1261 4372 1482 4447 scribendum
1504 4373 1561 4448 vel
1582 4372 1769 4451 dicendum

253 4490 378 4598 Latine
405 4490 507 4566 nobis
538 4492 602 4583 sit,
632 4500 738 4592 atque
758 4493 809 4567 ita
824 4491 891 4593 fert
914 4492 1073 4581 animm,
1097 4491 1261 4590 equidem
1280 4516 1450 4591 umquam
1472 4490 1658 4583 dubitabo,
1682 4496 1766 4593 quin

255 4634 521 4753 T*—
736 4685 873 4754 sassa
893 4683 922 4741 in
942 4682 991 4742 the
1010 4682 1099 4760 living
1118 4685 1245 4765 present,

738 4776 792 4837 Let
811 4778 860 4838 tha
879 4774 949 4838 dead
969 4782 1029 4858 past
1049 4778 1119 4856 bury
1138 4775 1176 4836 its
1195 4773 1274 4835 dead.

1158 4888 1374 4949 honoratiora

1430 4988 1505 5061 35*
