4892 6184
634 691 698 754 124
932 785 938 800 υ
1149 691 1294 757 narr
1321 692 1377 786 ru
1408 691 1630 780 snurru.

640 899 708 972 Die
734 904 779 972 14
811 925 858 974 m.
882 896 1070 972 Februarii.
1121 895 1249 972 Rector
1275 900 1321 974 ad
1346 901 1514 974 Senatum
1538 897 1664 984 defert,
1690 920 1710 970 e
1734 896 1860 972 Literis
1882 903 1903 972 'a
1929 897 2155 974 (iuratoribus

807 1018 898 1093 datis
926 1040 1105 1116 apparere,
1136 1015 1261 1091 Virum
1286 1019 1376 1093 Olor.
1404 1018 1768 1093 I.C.Suronu1suu
1798 1019 2057 1092 Guonuuwoun
2079 1043 2155 1117 pro·

809 1147 886 1237 pter
919 1144 1068 1211 aetatem
1104 1137 1404 1235 septuagenariam
1436 1137 1584 1212 Decreto
1610 1134 1722 1233 Regio
1751 1162 1771 1210 a
1801 1137 1857 1210 die
1885 1143 1903 1211 1
1931 1161 1978 1212 m.
2004 1138 2159 1214 Ianuarii

807 1283 838 1330 a.
867 1258 960 1330 1855
983 1255 1071 1330 rude
1095 1255 1263 1330 donatum
1287 1281 1373 1331 esse.
1862 1237 1869 1248 ⁹

857 1493 1002 1568 Senatui
1028 1494 1141 1592 placet
1166 1494 1304 1568 honoris
1331 1519 1436 1569 causa
1467 1518 1621 1568 summos
1644 1494 1680 1566 in
1705 1493 1882 1568 Medicina
1906 1493 2050 1568 honores
2078 1519 2157 1568 cou-

809 1595 896 1690 lerre
920 1614 957 1688 in
984 1612 1109 1687 Virum
1137 1615 1388 1688 Doctissimum
1415 1615 1571 1688 Paruum
1595 1614 1792 1700 annuua,
1829 1638 1871 1686 ex
1896 1612 2024 1711 oppido
2048 1614 2157 1687 Zoan-

810 1735 909 1822 dam,
940 1733 1139 1807 Matheseos
1167 1733 1379 1832 Magistrum
1409 1731 1650 1832 Philosophiae
1681 1731 1859 1807 Naturalis
1889 1731 2028 1806 honoris
2056 1719 2160 1806 causa

809 1853 994 1928 Doctorem
1019 1860 1054 1926 et
1073 1852 1246 1926 Medicum
1270 1852 1454 1927 militarem
1476 1852 1513 1926 in
1535 1851 1656 1926 Insula
1682 1852 1766 1926 lava
1792 1851 2005 1950 primarium.

858 2069 1096 2167 Designantur
1120 2077 1270 2166 quatuor
1291 2069 1371 2158 viri,
1397 2094 1417 2144 e
1439 2068 1568 2167 quibus
1590 2093 1611 2142 a
1631 2069 1729 2168 Rege
1749 2055 2010 2168 Angustissimo
2035 2067 2161 2142 uector

809 2191 845 2261 in
870 2188 1066 2287 proximum
1090 2212 1221 2261 annum
1248 2188 1413 2288 eligatur:

752 2410 760 2446 ,
831 2331 884 2402 Ex
910 2328 1042 2403 Ordine
1065 2328 1219 2404 Iuridico
1634 2331 1664 2402 I.
1691 2351 1765 2402 vau
1790 2329 1911 2402 Ham.

931 2478 950 2517 ιι
1067 2447 1157 2522 Phil.
1183 2448 1308 2523 rheor.
1334 2457 1370 2522 et
1393 2448 1462 2524 Lit.
1488 2447 1597 2524 Hum.
1638 2448 1682 2521 A.
1709 2470 1784 2520 vsu
1809 2448 2049 2521 Gonnonvnn.

930 2597 948 2636 ιι
1069 2565 1287 2642 Medicorum
1437 2578 1439 2586 '
1633 2566 1675 2640 L.
1701 2564 1742 2640 C.
1773 2587 1846 2637 vnn
1871 2567 2112 2638 Gonnonvnu.

928 2714 946 2753 ιι
1064 2684 1178 2758 Math.
1205 2693 1242 2758 et
1265 2684 1463 2759 Phil-Nat.
1637 2684 1677 2758 P.
1703 2681 1890 2756 Hsnrrno.

857 2899 1095 2999 Dssignantur
1127 2900 1234 2974 etiam
1267 2908 1416 2998 quatuor
1452 2899 1536 2986 viri,
1571 2923 1590 2972 e
1622 2897 1751 2997 quibus
1784 2898 1932 2996 Senatus
1962 2896 2164 2980 Academici

812 3019 1037 3119 Graphiarius
1060 3019 1217 3120 eligatur.

832 3161 888 3236 le
912 3162 1045 3236 Ordine
1069 3161 1274 3262 'l'heologico
1636 3159 1684 3234 H.
1710 3161 1751 3233 Ε.
1778 3156 1912 3231 Vrurn.

930 3310 948 3350 ι
1067 3280 1219 3356 Iuridico
1636 3281 1680 3355 A.
1707 3277 1748 3352 O.
1776 3277 1965 3362 Hormus,

1048 3408 1053 3416 “
1733 3396 1810 3470 loco
1831 3395 1921 3468 Clar.
1948 3416 2021 3467 vsu
2038 3393 2159 3466 Hsnn.

929 3548 947 3586 ι
1069 3518 1159 3592 Phil
1184 3517 1307 3593 'l'heon
1334 3524 1370 3592 et
1392 3517 1461 3592 Lit.
1487 3516 1597 3592 Hum.
1637 3516 1683 3590 A.
1708 3537 1783 3588 vau
1808 3515 2047 3588 Gonnonvns.

930 3665 948 3705 r
1068 3637 1183 3712 Math.
1208 3646 1245 3711 et
1268 3637 1357 3712 Phil.
1383 3639 1466 3712 Nat.
1638 3635 1679 3710 Ο.
1697 3634 1745 3711 H.
1767 3633 1813 3710 D.
1835 3633 1927 3708 Burs
1947 3634 2109 3708 Bannor.

701 3878 708 3895 =
809 3853 1011 3925 Assessores
1035 3852 1312 3927 constituuntur:

834 3990 889 4062 Er
914 3989 1045 4064 Ordine
1069 3990 1160 4067 Phil.
1184 3992 1305 4066 Theon.
1332 4001 1368 4066 et
1391 3992 1459 4068 Lit.
1487 3993 1596 4068 Hum.
1633 3993 1674 4068 L.
1700 3995 1743 4068 G.
1770 3995 1962 4066 Vrsscrrnu.

930 4139 949 4179 ι
1069 4109 1288 4186 Medicorum
1633 4113 1675 4187 L.
1701 4112 1741 4185 Ο.
1770 4135 1844 4186 vsu
1870 4113 2105 4184 Gonnonvnn.

928 4256 947 4298 ιι
1065 4230 1178 4305 Math.
1204 4239 1240 4306 et
1263 4231 1352 4306 Phil.
1379 4233 1461 4306 Nat.
1630 4229 2152 4305 Tn.G.vnuL1nrunanunu.

928 4375 947 4414 ιι
1071 4343 1321 4456 ’ΠιεοΙορςὶοοΙ
1633 4350 1674 4422 Β.
1701 4373 1773 4424 rna
1796 4351 1920 4425 Hans.

1325 4675 1490 4702 ...q-...-
