4892 6184
877 676 1155 747 cnsr1c.
1704 682 1772 769 xssu

128 908 135 921 ·
259 912 364 968 ecum
401 884 534 964 socium
571 881 658 974 sibi,
701 879 757 957 sel
791 906 1023 962 successorem
1062 884 1176 961 filium
1219 883 1308 960 nnte'
1342 885 1458 961 omnis
1502 885 1648 987 cogitet,
1695 910 1769 964 ms·

259 1018 355 1085 terve
391 1031 487 1083 sacro
526 1003 677 1081 destinet
709 1002 900 1080 ministerio
931 1030 1002 1081 non
1038 1006 1121 1082 satis
1149 1011 1291 1104 eptum,
1330 1028 1437 1103 quem
1462 1003 1664 1081 debuissent
1687 1031 1769 1107 prae

258 1128 381 1206 ceteris
402 1126 553 1227 cogiture
577 1132 619 1200 ut
641 1122 795 1226 felicem,
827 1124 858 1199 si
878 1125 1032 1225 possint,
1056 1126 1090 1201 ei
1112 1126 1231 1225 generi
1249 1126 1474 1217 ιιᾱιιιοιοιιιι,
1498 1128 1593 1226 quod
1612 1127 1681 1228 ipsi
1706 1154 1767 1229 po·

258 1251 340 1329 terit
360 1250 505 1350 plscerc.
565 1245 722 1340 Deinde,
756 1242 864 1319 sivel
885 1245 1009 1345 optimi
1031 1253 1192 1345 parentes
1211 1246 1306 1345 ipsos
1328 1246 1418 1323 fiius
1442 1255 1478 1323 et
1500 1248 1713 1350 interrogent
1734 1258 1770 1324 et

259 1371 372 1445 multo
404 1370 549 1444 demum
583 1364 702 1441 labore
730 1364 880 1441 assecuti
907 1365 978 1440 sint
1006 1365 1248 1442 difficillimum
1271 1366 1378 1456 illud,
1412 1366 1500 1467 quid
1528 1368 1671 1445 tandem
1694 1370 1770 1470 ipse

257 1486 376 1587 cupiat
401 1510 509 1588 puer,
544 1484 641 1586 quod
667 1482 779 1559 solent
804 1483 920 1558 conari
939 1507 1046 1582 quam
1067 1485 1209 1585 plurimi
1230 1492 1267 1561 ct
1286 1485 1503 1585 paucissimis
1527 1492 1667 1564 tantum
1688 1514 1769 1565 con-

257 1606 383 1707 ting't,
419 1604 568 1681 occurrit
602 1601 813 1691 sexcenties,
846 1609 889 1677 ut
921 1602 987 1679 hoe
1019 1604 1075 1679 vel
1103 1604 1178 1681 lieri
1210 1604 1353 1680 omnino
1382 1613 1522 1706 propter
1554 1609 1768 1710 singulorum

257 1725 398 1801 vivendi
425 1725 596 1801 rationem
624 1746 696 1799 non
729 1720 857 1821 possit,
888 1722 943 1797 vel
970 1722 1016 1799 ob
1039 1723 1138 1822 pueri
1161 1722 1379 1799 inscientiam
1400 1725 1468 1825 ipsi
1492 1751 1563 1803 non
1583 1713 1768 1830 sit'profu·

257 1852 389 1921 turum.
437 1844 489 1919 At
509 1850 786 1943 tempus'urget,
809 1864 949 1917 neccsse
968 1848 1038 1931 est,
1061 1866 1150 1942 puer
1167 1847 1209 1916 nt
1228 1841 1431 1919 instituatur
1447 1870 1488 1921 eu
1509 1846 1659 1939 ratione,
1679 1874 1769 1948 quse

257 1971 381 2065 aptum
402 1962 528 2038 reddet
552 1961 600 2039 sd
622 1966 733 2037 urtam
753 1958 792 2034 in
814 1984 885 2060 qua
906 1960 1125 2037 habitaturus
1145 1968 1216 2051 est,
1246 1986 1359 2063 neque
1383 1963 1499 2064 ipsum
1524 1968 1684 2067 aequales
1710 1994 1770 2045 an·
1918 2018 1924 2029 ·

254 2083 428 2159 tccedant
488 2082 547 2158 Sic
580 2081 690 2181 igitur
722 2079 827 2155 multi
860 2088 1052 2180 coguntur,
1085 2087 1128 2157 ut
1150 2081 1278 2181 partim
1304 2084 1412 2159 nescii
1435 2084 1522 2184 quid
1544 2094 1671 2187 egent,
1696 2112 1772 2164 sero

255 2202 404 2303 partim,
439 2209 481 2278 ut
507 2200 579 2277 iam
608 2224 679 2276 non
698 2199 835 2300 possint
855 2223 876 2274 s
899 2199 1111 2299 quibusdum
1134 2202 1351 2301 argumentis
1373 2202 1516 2303 eligere,
1540 2206 1667 2305 purtim
1691 2231 1770 2295 vero

256 2326 444 2397 immature
466 2320 512 2396 ob
538 2327 693 2396 mentem
711 2342 899 2421 puerorum
920 2321 1077 2396 nondum
1095 2320 1180 2396 satis
1197 2321 1394 2410 excultam,
1414 2323 1597 2401 consilium
1617 2324 1771 2425 cupiant,

257 2442 353 2517 unde
375 2424 544 2541 pendebit
566 2440 637 2515 vita
659 2439 773 2513 omnis
791 2438 920 2515 totns.
969 2439 1232 2539 Sapientissima
1254 2440 1413 2517 omnium
1438 2450 1492 2519 est
1513 2442 1618 2534 rstio,
1643 2468 1772 2545 eosque

257 2561 374 2637 ieliees
395 2559 556 2660 praedico
575 2557 705 2658 quibus
724 2582 787 2657 per
806 2558 957 2658 optimos
974 2566 1134 2659 parentes
1150 2560 1241 2637 illud
1261 2561 1461 2661 contigerit,
1486 2570 1528 2638 ut
1551 2574 1773 2640 secernentur

258 2679 473 2781 pedetentim
494 2686 532 2755 et
550 2686 776 2779 segregentur
795 2678 878 2754 duta
897 2679 1019 2778 quavis
1036 2679 1297 2781 opportunitate
1325 2706 1366 2757 ea
1389 2706 1480 2782 quse
1506 2683 1647 2761 omnino
1669 2694 1772 2759 erunt

255 2799 461 2889 reiiciends,
496 2807 539 2874 ut
573 2798 718 2897 reliquis
750 2798 935 2890 omnibus,
967 2800 1083 2900 quood
1107 2800 1184 2876 fieri
1200 2800 1372 2901 potuerit,
1404 2824 1504 2877 maus
1523 2802 1772 2879 adolescentuli

255 2918 462 2995 informetur
492 2924 721 3019 apteturque,
754 2924 797 2993 ut
827 2916 954 2994 deinde
977 2942 1023 2994 nc
1047 2942 1117 2995 ona
1141 2920 1285 3019 quidem
1308 2920 1392 2996 hors
1416 2921 1540 3011 citius,
1565 2946 1672 3021 quam
1697 2947 1772 2999 cnr·

256 3038 341 3113 nino
365 3046 420 3113 est
441 3038 692 3127 necessarium,
715 3060 804 3138 puer
822 3037 898 3136 ipsc
919 3035 1054 3113 dudum
1074 3046 1299 3139 praeparatus
1323 3062 1431 3137 qusm
1450 3039 1624 3117 liberrime
1647 3041 1772 3141 eligat,

257 3164 295 3233 et
331 3182 352 3234 c
384 3157 676 3259 quamplurimis
697 3157 921 3256 reliquorum.
968 3156 1049 3233 Hoc
1068 3164 1104 3233 et
1124 3157 1243 3257 ipsum
1266 3158 1425 3258 prodest,
1449 3166 1486 3235 et
1506 3160 1667 3236 convenit
1691 3163 1769 3237 uni·
1832 3176 1837 3181 “

257 3302 357 3353 verso
388 3278 521 3377 ingenii
547 3277 763 3378 progressui,
793 3276 841 3352 ab
863 3275 1125 3376 simplicissimis
1142 3285 1180 3352 et
1198 3278 1350 3353 monime
1374 3278 1542 3353 universis
1563 3280 1609 3353 sd
1631 3280 1770 3379 singula
1931 3292 1934 3298 “

258 3420 395 3498 semper
411 3397 622 3474 intricatiors
644 3397 839 3485 tendentis,
862 3402 903 3469 et
920 3397 992 3469 lere
1013 3396 1101 3471 vitst
1119 3395 1338 3471 incommoda
1358 3395 1440 3471 inde
1458 3397 1653 3487 nascentis,
1674 3402 1770 3497 quod

257 3518 431 3593 electurus
466 3516 535 3591 sibi
564 3516 690 3615 aliquis
718 3523 829 3592 ortem
857 3511 1116 3614 discipllnsmvc
1136 3514 1330 3614 quemlibet
1351 3514 1544 3591 necessario
1568 3514 1772 3593 addiscendi

257 3644 414 3738 tempore
444 3635 516 3712 ism
542 3642 667 3713 mreat.
716 3634 817 3711 Haec
848 3640 968 3710 antem
999 3633 1086 3710 ratio
1107 3632 1317 3710 micrmsndi
1338 3634 1447 3710 enimi
1468 3635 1537 3724 ita,
1562 3642 1604 3711 nt
1631 3646 1770 3715 ιιιιιιθιιι

258 3757 317 3831 ille
347 3780 453 3855 quum
487 3754 684 3833 ᾶιιιιίιιὶιιιο
710 3752 948 3855 compluribus
978 3752 1063 3830 setis
1095 3752 1262 3845 idoneus,
1297 3752 1391 3829 unde
1412 3755 1555 3830 tandem
1579 3754 1771 3832 haurienda

259 3884 334 3965 est,
371 3874 440 3950 nisi
475 3899 519 3951 cx
547 3874 707 3951 universa
739 3898 782 3950 ea
807 3898 924 3950 rorum
954 3874 1099 3966 mtitia,
1130 3898 1236 3975 quum
1261 3874 1397 3949 litterae
1418 3875 1612 3974 praebenti
1647 3877 1772 3955 Cetera

259 3997 369 4071 onim.
385 3996 475 4071 vites
506 3995 747 4094 quotidianae,
783 4016 874 4094 qaas
905 3994 1027 4074 eodem
1059 3994 1206 4085 ducunt,
1242 4016 1283 4070 es
1312 4018 1406 4070 nunc
1429 4018 1501 4069 ncn
1531 4020 1705 4073 moremur
1727 3999 1773 4073 de

260 4115 388 4191 studiis
420 4123 459 4191 et
486 4113 705 4191 institutione
737 4123 899 4215 egentes,
933 4139 1048 4215 nsque
1079 4112 1125 4191 ab
1159 4114 1232 4191 ullo
1261 4113 1441 4190 commode
1474 4122 1638 4215 poterunt
1666 4142 1770 4217 ergn-

260 4242 380 4311 mentc
412 4235 545 4313 sbesse.
594 4235 645 4310 Ut
674 4242 792 4311 antem
822 4236 942 4312 redcat
965 4235 1093 4324 cretio,
1109 4236 1222 4311 unde
1248 4235 1447 4325 deflexerit,
1472 4236 1503 4310 si
1527 4236 1661 4313 litterae
1685 4238 1770 4314 haec

260 4355 425 4431 omnibus
457 4355 644 4455 praebent,
675 4354 713 4431 in
744 4354 859 4455 aprico
888 4362 959 4445 est,
985 4354 1098 4429 multo
1121 4354 1234 4455 mugis
1256 4352 1350 4430 idem
1374 4354 1486 4430 valere
1512 4355 1558 4431 de
1577 4355 1770 4433 litterarum

259 4475 482 4575 antiquarum
518 4475 644 4552 elicetu
680 4476 717 4551 in
746 4500 826 4567 eos,
860 4475 923 4576 qui
952 4474 1058 4551 sitam
1089 4474 1157 4550 sibi
1189 4472 1419 4551 academicam
1456 4474 1641 4575 elegerint,
1681 4502 1771 4577 quos
1842 4468 1849 4481 ’

259 4592 479 4694 praesertim,
518 4602 555 4670 ct
587 4596 659 4671 sere
692 4598 802 4685 solos,
836 4597 1041 4697 spectandos
1074 4593 1176 4671 nobis
1213 4594 1436 4694 sumpsimus.
1501 4596 1592 4672 Sunt
1629 4598 1772 4697 quidem

260 4712 477 4815 disciplinae,
502 4738 593 4814 quse
615 4715 702 4816 ipsis
725 4740 796 4791 non
812 4724 894 4818 apte
917 4716 1077 4816 quidem,
1101 4724 1139 4791 ut
1158 4712 1275 4814 eliqua
1294 4723 1411 4791 ιιιιιοιι
1434 4740 1478 4791 ex
1497 4724 1594 4816 parta
1613 4728 1773 4807 οιιειιιι,

258 4856 374 4935 neque
405 4834 471 4912 hoc
503 4835 659 4937 negabo,
693 4861 793 4927 eum,
818 4837 880 4937 qui
900 4859 1025 4937 corpus
1052 4835 1245 4913 humanum
1271 4842 1325 4912 est
1350 4835 1511 4913 remediis
1534 4847 1773 4927 rosentem,

768 4976 780 4999 .
1456 4956 1530 5034 gqs
