4892 6184
675 678 741 744 144
1022 767 1030 778 ·
1247 677 1283 745 Β.
1318 673 1627 742 assultu-

675 885 771 959 simi!
812 883 917 958 huius
951 883 1208 958 Illustrissimae
1241 883 1449 960 Academiae
1478 883 1681 959 Curatores!
1721 921 1769 936 -
1804 879 1981 954 Nimirum
2007 891 2118 958 vestro
2141 885 2197 960 in·

673 1006 767 1104 signi
797 1029 879 1102 erga
910 1027 966 1077 me
995 1001 1103 1076 favori
1131 1003 1385 1100 Angustissimi
1418 1004 1527 1103 Regis
1551 1001 1719 1101 placitum
1742 999 1873 1088 debeo,
1907 1002 2002 1100 quod
2025 1027 2083 1076 me
2106 1006 2196 1080 'lhe-

672 1123 804 1222 clogise
824 1120 1055 1196 Professorem
1071 1121 1209 1194 creavit.
1259 1122 1354 1211 Quos
1378 1121 1545 1210 honores,
1572 1147 1679 1220 quam
1705 1121 1917 1221 singularem
1944 1131 2094 1198 vestram
2117 1151 2198 1224 erga

673 1267 749 1330 me,
792 1241 880 1315 alius
913 1239 1122 1314 Academiae
1154 1240 1358 1328 alumnum,
1395 1240 1695 1329 benevolentiam,
1732 1243 1856 1340 quanti
1897 1242 2045 1332 faciam,
2085 1246 2198 1320 verbis

672 1361 788 1460 eloqui
810 1384 950 1458 prorsus
974 1384 1126 1458 neque03
1158 1368 1195 1433 at
1214 1368 1356 1458 gratum
1383 1361 1490 1434 animi
1516 1362 1612 1436 vobis
1638 1361 1789 1436 dermeti
1813 1370 1919 1460 atque
1943 1362 2100 1438 obstricti
2120 1390 2218 1468 sen-U

674 1507 754 1557 sum
786 1480 899 1580 magis
928 1479 1028 1554 lactis
1062 1479 1257 1578 studiisque
1287 1480 1385 1554 vobis
1410 1481 1586 1556 testificari
1613 1491 1649 1556 et
1672 1482 1916 1581 comprobare,
1949 1508 2056 1581 quam
2086 1485 2221 1560 verbis¹

671 1601 855 1677 enunciare
881 1609 942 1674 aut
961 1625 1089 1699 magna
1109 1600 1252 1698 quaevis
1275 1599 1371 1674 vobis
1396 1601 1570 1698 polliceri,
1597 1601 1693 1677 baud
1714 1601 1822 1675 dubie
1843 1626 1863 1673 e
1885 1611 2039 1676 vestrum
2059 1629 2198 1704 quoquc

673 1720 844 1798 sententia
877 1727 1038 1818 praestat.
1101 1718 1315 1806 Audivistis,
1350 1719 1426 1793 Viri
1456 1721 1691 1820 Amplissimil
1727 1728 1940 1820 quantopere
1970 1723 2007 1796 in
2036 1723 2197 1798 obeundo

674 1842 740 1916 boc
760 1864 904 1914 munere
923 1839 1054 1914 crucier
1073 1846 1109 1913 et
1127 1839 1310 1938 perturber
1330 1840 1449 1939 magni
1469 1839 1565 1914 illius
1579 1840 1655 1914 Viri
1668 1841 1879 1940 cogitatione
1894 1851 1930 1915 et
1944 1843 2197 1931 recordatione,

672 1963 710 2035 in
735 1960 834 2034 cuius
860 1959 975 2034 locum
997 1983 1054 2033 me
1078 1959 1260 2033 succedere
1286 1959 1461 2049 voluistis;
1489 1961 1546 2036 cui
1569 1961 1769 2060 cogitationi
1794 1961 1824 2034 si
1850 1961 2066 2061 indulgerem
2087 1987 2196 2063 prope

673 2083 828 2167 abesset,
861 2079 945 2176 quin
979 2078 1158 2153 deficiente
1190 2102 1332 2175 prorsus
1364 2079 1451 2152 mibi
1483 2081 1618 2167 animo,
1652 2106 1695 2153 ex
1723 2081 1787 2154 bac
1823 2080 1900 2179 ipsa
1932 2083 2104 2156 Cathedra
2134 2083 2195 2155 de

672 2201 881 2274 scenderem.
932 2196 1002 2270 Sed
1029 2197 1103 2270 alea
1123 2197 1361 2294 isctapedem
1389 2197 1514 2270 referre
1542 2197 1725 2272 nonlicet.
1762 2200 1836 2274 Nee
1861 2200 1955 2299 ipse,
1983 2201 2012 2274 si
2039 2225 2195 2298 possem,

670 2317 806 2418 regredi
839 2315 972 2390 vellem.
1033 2314 1292 2413 Omnipotentis
1318 2323 1355 2389 et
1379 2315 1623 2414 benignissimi
1646 2318 1715 2392 Dei
1739 2318 1852 2392 lretus
1877 2320 2025 2408 auxilio,
2052 2320 2114 2418 qui
2136 2343 2198 2418 per
2320 2308 2323 2316 ⁴

670 2445 724 2512 tot
744 2460 915 2511 annorum
938 2435 1111 2533 spatium,
1135 2435 1172 2508 in
1196 2443 1248 2509 tot
1274 2435 1444 2535 susceptis
1470 2443 1506 2509 et
1529 2437 1677 2534 paractis
1705 2436 1882 2511 laboribus
1907 2463 2089 2538 nunquam
2112 2438 2198 2512 mibi

673 2558 804 2645 detuit,
838 2555 900 2655 qui
920 2579 977 2628 me
999 2554 1240 2629 acerbissimae
1263 2554 1370 2630 eladis
1396 2555 1511 2629 dolore
1533 2555 1700 2630 afflictum
1726 2564 1761 2628 et
1783 2557 1961 2655 lugentem
1988 2559 2199 2633 sustentavit

672 2687 709 2753 et
729 2664 852 2751 ¹creuit
881 2717 930 2731 -
962 2675 1067 2748 basius
1094 2675 1203 2773 igitur
1225 2675 1354 2749 auxilio
1377 2676 1499 2762 ninus,
1525 2715 1574 2732 -
1600 2675 1629 2748 si
1649 2674 1735 2772 quid
1758 2675 1872 2749 inme
1895 2686 1948 2750 est
1971 2678 2198 2766 eruditionis,

674 2795 906 2882 assiduitatis,
940 2794 1047 2868 studii
1070 2793 1216 2883 amoris,
1250 2795 1438 2884 idemne,
1472 2794 1817 2893 quantulumcunque
1847 2803 1918 2884 est,
1948 2796 1998 2870 ito
2021 2797 2200 2872 adhibebo

674 2927 779 3016 atque
804 2914 1024 3015 impendam,
1050 2928 1090 2988 ut
1112 2915 1237 2989 borum
1259 2915 1426 2990 iuvenum
1448 2913 1593 3002 studiis,
1613 2913 1844 3003 Academiae,
1859 2914 2049 3003 Ecclesiae,
2065 2917 2199 3015 patriae

675 3037 869 3112 inserviam.
920 3035 958 3108 Si
992 3058 1071 3108 vero
1102 3036 1340 3110 Rorssansrn
1364 3035 1518 3134 vestigiis
1548 3034 1710 3108 insistens
1743 3035 1804 3108 tali
1836 3035 2031 3123 decessore,
2058 3037 2197 3134 qualem

673 3159 789 3256 ipsum
829 3181 950 3230 omnes
980 3155 1205 3254 cognovimus
1240 3164 1276 3229 et
1307 3155 1514 3243 dileximus,
1549 3154 1629 3228 licet
1663 3155 1766 3252 longe
1798 3154 1956 3243 inferior,
1993 3179 2063 3229 non
2093 3157 2196 3253 plane

674 3276 841 3376 indignus
874 3275 1111 3375 deprehendar
1142 3299 1336 3363 successor,
1370 3274 1454 3363 erit,
1488 3274 1583 3372 quod
1617 3298 1834 3372 summopere
1858 3273 1945 3348 mihi
1971 3275 2124 3374 gratuler
2156 3285 2193 3348 et

672 3398 801 3496 gratias
820 3397 897 3471 Deo
918 3396 1062 3470 reddam
1084 3420 1191 3495 quam
1212 3395 1393 3470 maximas.
1445 3396 1629 3481 Ceterum,
1651 3394 1727 3467 Viri
1746 3393 1983 3468 Perillustresl
2020 3393 2111 3467 idem
2133 3393 2193 3466 ille

671 3518 842 3592 bonorum
870 3517 1028 3591 omnium
1058 3516 1218 3615 Iargitor
1250 3524 1290 3588 ut
1325 3539 1385 3589 vos
1415 3515 1477 3588 diu
1510 3515 1620 3589 salvos
1644 3513 1903 3611 incolumesque
1927 3522 2059 3602 servet,
2092 3521 2128 3586 et
2154 3519 2195 3586 ut

673 3643 785 3711 vestra
805 3661 907 3725 ema,
939 3637 1061 3711 vestris
1086 3635 1269 3735 auspiciis,
1295 3635 1400 3709 huius
1423 3635 1572 3733 inclytae
1597 3632 1704 3709 Urbis
1728 3642 1833 3733 atque
1859 3634 2066 3709 Academiae
2085 3633 2193 3707 bonos

673 3765 708 3830 et
736 3756 844 3854 gloria
872 3756 908 3829 in
941 3757 1016 3830 dies
1047 3764 1202 3832 crescant
1236 3763 1341 3854 atque
1373 3756 1634 3854 adaugeantur,
1668 3755 1705 3830 in
1734 3754 1822 3828 votis
1846 3761 1881 3828 et
1901 3754 2062 3853 precibus
2084 3753 2194 3828 babeo
2261 3853 2265 3860 Ι

675 3874 941 3948 ardentissimisl

724 3994 762 4066 Si
792 4018 870 4067 vera
904 4001 957 4067 est
986 3995 1153 4070 Veterum
1186 3996 1357 4070 sententia
1390 4041 1441 4058 -
1474 4005 1526 4070 est
1551 4005 1668 4071 autem
1693 3996 1867 4071 verissima
1896 3995 2134 4068 -intuendo
2158 4002 2193 4067 st

674 4113 892 4213 suspiciendo
925 4114 1063 4213 egregia
1089 4138 1295 4212 proavorum
1330 4117 1384 4190 vel
1417 4117 1616 4214 aequalium
1650 4117 1808 4214 exempla
1838 4115 1980 4190 mirifice
2014 4115 2060 4188 nli
2085 4123 2192 4212 atque

673 4234 793 4334 augeri
821 4233 981 4307 imitandi
1014 4233 1171 4307 studium
1202 4277 1250 4293 -
1286 4235 1367 4309 talia
1392 4237 1569 4333 exempla,
1596 4247 1741 4334 quaeat
1767 4261 1824 4309 me
1844 4235 1988 4310 incitent
2009 4242 2113 4333 atque
2137 4233 2191 4308 in·

672 4355 869 4440 flammant,
903 4354 1088 4452 animoque
1114 4354 1289 4429 deficienti
1316 4380 1423 4429 novos
1451 4355 1656 4429 admoveant
1679 4355 1856 4442 stimulos,
1890 4355 2042 4453 profecto
2064 4355 2101 4427 in
2127 4355 2192 4428 hac

674 4476 765 4548 alma
797 4475 981 4548 Musarum
1014 4475 1095 4549 sede
1125 4499 1189 4548 nec
1222 4475 1309 4549 mibi
1344 4475 1491 4560 desunt,
1517 4497 1628 4571 quum
1651 4473 1831 4548 defunctos
1855 4475 1892 4547 in
1913 4475 2113 4549 memoriam
2137 4498 2188 4548 re·
2228 4467 2231 4472 ’

675 4619 779 4680 voco,
808 4594 862 4667 vel
889 4618 997 4691 quum
1025 4618 1085 4668 vos
1110 4594 1266 4680 intueor,
1297 4593 1373 4666 Viri
1398 4591 1607 4696 Clarissimi!
1633 4592 1804 4666 variarum
1829 4594 1957 4667 artium
1980 4602 2015 4667 at
2039 4593 2188 4690 discipli·
2221 4661 2228 4672 .

676 4737 800 4786 narum
832 4712 869 4785 in
906 4713 970 4786 bac
1002 4713 1191 4788 Academia
1225 4711 1458 4786 Professoresl
1493 4735 1681 4810 earumque
1708 4725 1909 4786 ornamenta
1931 4722 1967 4786 et
1990 4712 2113 4786 decus!
2140 4755 2189 4770 -

675 4831 805 4921 Quidni
836 4839 953 4906 antem
984 4832 1115 4908 fatear?
1149 4834 1211 4927 (sit
1235 4832 1335 4908 venia
1359 4831 1516 4925 latenti!)
1550 4857 1607 4908 me
1634 4841 1745 4908 vestro
1775 4833 1942 4932 adspectu
1969 4832 2080 4928 magis
2105 4833 2189 4929 angi
