4892 6184
867 694 1146 768 ORATIO.
1696 696 1760 761 277

294 902 493 982 Informetis
513 903 611 981 vobis
627 901 749 980 animo
774 904 882 981 medii
905 905 981 981 aevi
1001 906 1167 1005 speciem,
1188 910 1229 981 ut
1248 903 1391 1004 planum
1413 902 1493 991 fiat,
1514 900 1762 1000 cmusoumque

244 1026 400 1125 generis,
427 1033 464 1101 et
486 1022 712 1100 humanitatis
740 1022 898 1101 homines
923 1024 1013 1101 hanc
1040 1033 1210 1101 terrarum
1240 1032 1374 1124 partem
1405 1021 1590 1099 tenuerint.
1640 1020 1761 1096 Unum

245 1145 410 1220 sufficiat:
435 1170 481 1220 ne
502 1144 740 1219 mactissimus
762 1144 903 1243 quidem
927 1168 1043 1220 rerum
1067 1143 1294 1244 gerendarum
1320 1141 1399 1217 finis
1424 1166 1579 1219 summos
1603 1140 1691 1217 viros
1714 1140 1759 1215 ab
1835 1130 1839 1139 ’

243 1264 388 1337 immani
419 1286 522 1362 saepe
553 1262 776 1352 crudelitate,
812 1271 848 1338 et
875 1288 897 1339 a
926 1263 1084 1339 barbarie
1107 1262 1270 1350 retinuit,
1296 1286 1400 1361 quam
1431 1261 1547 1337 nescio
1573 1268 1690 1335 utrum
1715 1260 1759 1334 ri·

243 1356 395 1457 ddndam
425 1406 470 1457 aa
502 1381 749 1482 deplorandam
779 1382 891 1482 magia
915 1382 1039 1468 dicam.
1091 1382 1162 1457 Sed
1184 1407 1226 1457 eo
1252 1406 1307 1456 res
1330 1380 1488 1482 devenit,
1515 1388 1555 1454 ut
1582 1378 1646 1455 hoc
1667 1404 1759 1455 com·

242 1508 381 1599 partum
403 1501 474 1576 iam
497 1500 561 1589 sit,
586 1500 641 1585 vel
660 1500 758 1600 pium
782 1499 891 1576 iatum
912 1501 1102 1577 exercitum
1123 1524 1205 1575 cum
1228 1500 1333 1588 duce,
1354 1500 1416 1598 qui
1437 1524 1603 1599 magnum
1630 1498 1760 1574 Christi

244 1618 466 1718 sepulchrum
489 1619 699 1708 liberarunt,
724 1619 770 1694 ad
795 1620 952 1719 rapinas,
977 1628 1013 1694 et
1036 1618 1252 1707 vexationes,
1276 1617 1414 1693 fraudes
1437 1618 1561 1694 deinde
1582 1628 1618 1695 et
1638 1618 1760 1695 caedes

213 1732 218 1739 ’
242 1736 313 1811 iere
334 1762 453 1836 aeque.
468 1738 584 1812 luisse·
598 1732 806 1839 propensos,
829 1745 933 1836 atque
959 1738 1075 1837 ipsum
1101 1738 1188 1813 Ilius
1210 1737 1466 1847 sanctissimum
1490 1762 1631 1828 nomen,
1654 1762 1760 1837 quem

242 1855 391 1929 voluisse
428 1856 524 1930 illem
560 1856 815 1958 expeditionem
850 1859 930 1933 veni
960 1848 1197 1947 testabmtur,
1230 1857 1275 1933 ab
1309 1857 1474 1932 omnibus
1498 1856 1603 1932 huius
1625 1857 1761 1957 generis

241 1973 383 2073 flagitiis
400 1974 649 2050 alienissimum
670 1984 734 2053 est.
772 1977 977 2077 Crucigeros
997 1976 1103 2053 ceteri
1118 1976 1356 2053 imitabantur.
1407 1976 1481 2056 Qui
1503 1976 1760 2053 Banunnrnnm

243 2101 279 2167 et
293 2094 570 2169 Fannaanunarr
590 2094 742 2172 faenore
759 2096 860 2196 legit,
885 2097 941 2172 vel
964 2096 1236 2196 Burgundorum
1261 2120 1343 2173 cum
1363 2096 1579 2171 Vasconibus
1602 2095 1694 2172 bella
1714 2095 1761 2171 ci·

242 2212 339 2300 vilia,
363 2212 433 2287 iam
465 2214 648 2290 Persarum
675 2215 838 2315 despotae
862 2203 1027 2306 Ninrnr,
1057 2215 1112 2290 vel
1135 2214 1355 2314 aboriginum
1379 2216 1416 2289 in
1441 2216 1601 2291 America
1624 2221 1759 2314 septen·

241 2331 379 2406 trionali
401 2332 622 2408 detestandas
637 2333 886 2424 crudelitates,
910 2342 948 2411 et
973 2335 1030 2410 vir
1053 2334 1234 2411 credibiles
1259 2359 1333 2409 sese
1359 2334 1479 2409 audire
1500 2334 1650 2435 putabit.
1681 2335 1760 2409 Mo·

242 2475 298 2527 res
328 2460 446 2527 autem
477 2460 520 2527 nt
542 2453 624 2544 leri,
648 2454 698 2530 ita
721 2455 827 2531 rudes
852 2445 961 2533 erant.
1010 2457 1064 2531 Ex
1087 2479 1157 2555 quo
1179 2452 1352 2553 Europaei
1374 2461 1494 2528 tenent
1514 2452 1761 2542 Alhambram,

241 2572 378 2647 ruinam
399 2572 571 2663 minatur,
594 2583 630 2652 et
650 2576 748 2676 quod
764 2574 901 2651 barbari
922 2577 1055 2653 Romae
1074 2575 1186 2651 iecere
1207 2564 1418 2662 omiserunt,
1440 2572 1550 2648 iecere
1568 2572 1760 2649 Barberini.

241 2690 367 2790 Neque
399 2700 537 2768 tantum
562 2693 601 2769 in
628 2715 766 2770 summa
793 2719 907 2771 rerum
933 2696 1028 2770 idem
1057 2689 1284 2794 conspicuum
1313 2685 1382 2781 e'st3
1409 2692 1623 2792 singulorum
1647 2716 1762 2768 mores

245 2810 463 2886 testabantur
498 2811 593 2889 hisee
626 2815 811 2894 simillima.
872 2818 1079 2919 Elegantem
1111 2840 1206 2905 nunc
1239 2800 1431 2891 doctrinam
1463 2814 1621 2891 affectare
1653 2815 1764 2890 solent

241 2928 420 3019 cultiores,
460 2954 549 3030 quae
585 2933 623 3009 in
658 2934 910 3014 iucundissimo
945 2961 1084 3036 qnoque
1116 2940 1323 3035 argumento
1357 2940 1531 3025 versatur,
1563 2956 1628 3011 nec
1658 2932 1764 3007 nimis

241 3048 350 3124 arduo
379 3058 521 3148 paretur
549 3051 681 3143 labore;
709 3063 746 3129 et
774 3056 887 3155 magis
912 3054 1115 3155 splendent,
1139 3053 1256 3154 prouti
1276 3052 1314 3128 in
1338 3052 1433 3129 hisce
1456 3043 1568 3153 ma'gis
1593 3052 1766 3130 excellunt

241 3174 278 3241 et
307 3165 528 3246 humaniores
561 3171 735 3250 dicuntur.
794 3176 894 3251 Tunc
929 3183 1047 3251 autem
1078 3196 1150 3250 non
1176 3172 1215 3246 id
1243 3171 1496 3272 gloriabantur,
1527 3172 1588 3247 sed
1614 3173 1765 3272 eorporis

241 3285 367 3377 robur,
393 3294 434 3362 ut
454 3298 597 3388 possent
620 3316 717 3367 erma
738 3292 832 3370 illius
853 3293 929 3370 aevi
953 3292 1243 3395 ponderosissima
1262 3290 1427 3379 tolerare,
1449 3298 1485 3365 et
1505 3291 1764 3366 exercitationes

242 3403 424 3494 militares,
447 3431 511 3483 nec
535 3409 566 3483 si
589 3432 745 3485 summos
768 3411 888 3488 heroes
907 3422 1029 3510 poetae
1050 3409 1226 3486 celebrant
1249 3408 1303 3481 vel
1324 3395 1496 3497 historici,
1524 3408 1682 3484 omittere
1709 3434 1762 3485 so·

241 3523 315 3598 lent
346 3523 383 3597 in
417 3524 572 3622 ipsorum
602 3525 784 3617 laudibus,
814 3531 845 3604 si
873 3530 1014 3629 quando
1039 3528 1091 3605 illi
1118 3513 1201 3617 soli,
1229 3532 1269 3601 ut
1290 3525 1532 3603 eelebenimua
1559 3526 1617 3603 ille
1638 3530 1762 3603 Gono-

241 3661 382 3717 raanns
418 3641 662 3744 lotharingiae
697 3646 791 3737 dux,
825 3673 907 3724 cnm
946 3650 1019 3724 sera
1057 3648 1095 3722 in
1130 3645 1235 3745 sylvis
1263 3644 1439 3746 congressi
1476 3646 1647 3729 acuent.
1711 3646 1762 3721 Ut

241 3760 394 3860 corporis
418 3760 506 3865 vires
527 3763 642 3839 levore
665 3764 912 3865 splendebant,
936 3767 988 3844 ita
1008 3766 1117 3844 animi
1137 3764 1256 3843 cultus
1277 3766 1578 3856 contemnebatur,
1600 3790 1640 3842 oc
1659 3754 1760 3867 quid·

242 3881 329 3981 qnid
363 3881 493 3958 litteras
525 3882 657 3974 olebat,
693 3884 889 3963 habebatur
916 3886 1114 3988 despectui,
1139 3892 1176 3964 et
1204 3884 1324 3961 invitis
1345 3884 1527 3962 utendum
1549 3892 1667 3962 tamur
1692 3893 1762 3977 est,

241 4007 278 4075 et
298 4000 454 4077 moribus
480 4010 517 4077 et
538 4004 713 4081 doctrinae
732 4005 787 4081 rel
807 4028 945 4099 eornm,
967 4008 1014 4085 ad
1035 4031 1124 4109 quos
1145 4004 1235 4083 solos
1256 4010 1347 4082 artes
1368 4012 1404 4082 et
1427 4005 1561 4083 litterae
1583 4003 1760 4106 coningio·

241 4120 348 4210 bant,
374 4122 546 4221 permulta
572 4123 733 4201 defuisse.
847 4149 850 4153 ·
1565 4121 1568 4126 ’
1627 4219 1630 4225 .

290 4239 335 4312 In
354 4238 552 4314 istiusmodi
573 4239 683 4340 igitur
703 4266 787 4317 uero
811 4250 848 4319 et
873 4242 1087 4343 lacrymabili
1100 4240 1268 4320 'barbarie
1290 4244 1347 4319 vix
1368 4242 1532 4321 credibile
1552 4249 1626 4333 est,
1650 4266 1760 4343 quan·

243 4364 315 4431 tam
352 4356 423 4431 vim
457 4358 633 4434 interdum
664 4362 879 4437 exercuerint
907 4362 1042 4471 litterap
1074 4363 1163 4440 istae
1194 4368 1232 4440 et
1265 4362 1431 4463 reliquiae
1463 4362 1696 4461 antiquitatis,
1731 4364 1766 4439 si·

243 4474 384 4575 quando
419 4476 535 4576 aliqua
564 4478 718 4578 ipsarum
748 4506 829 4581 pars
856 4480 1063 4561 innotuisset
1093 4482 1240 4559 summis
1263 4480 1424 4583 ingeniis.
1473 4480 1567 4557 Talis
1586 4481 1674 4570 fuit,
1699 4480 1762 4583 qui

243 4592 421 4671 Vracrnro
448 4603 587 4673 auctore
614 4597 777 4675 Divinam
799 4600 894 4677 illam
917 4602 1162 4694 Comoediam,
1186 4601 1257 4680 sive
1284 4600 1433 4701 Epirum
1459 4623 1596 4676 carmen
1617 4598 1759 4689 cecinit,

243 4713 340 4813 quod
375 4713 575 4817 adamnano
609 4717 733 4797 merito
764 4720 896 4820 gaudet
929 4720 1076 4814 honore,
1111 4721 1174 4823 qui
1202 4720 1365 4799 butenae
1396 4722 1524 4799 bonam
1547 4728 1697 4822 partem,
1722 4728 1771 4799 et·
1921 4820 1923 4827 ,

243 4832 375 4935 ingenii
410 4833 554 4912 humaui
587 4835 718 4916 mirum
751 4849 922 4941 quantum
957 4842 1064 4944 probe
1078 4839 1313 4946 ,intelligena
1347 4841 1466 4921 firmas
1497 4840 1565 4920 sibi
1596 4865 1660 4920 nec
1688 4840 1758 4931 cito
