4892 6184
753 571 819 638 284
1348 571 1384 642 E.
1417 571 1446 640 J.
1481 569 1666 651 KIEHL,

610 771 615 782 ’
753 777 954 854 etiamnunc
981 783 1017 853 et
1040 775 1170 878 quibua
1198 773 1372 878 hodieque
1399 777 1542 854 utimur.
1592 776 1727 854 Omitto
1751 773 1897 865 larium
1931 775 2125 877 paucissima
2144 793 2219 871 emt,

754 921 846 996 quae
873 919 988 998 neque
1017 895 1100 972 inde
1131 903 1228 987 orta,
1261 921 1375 998 neque
1403 897 1448 974 ab
1478 897 1555 975 iatie
1585 897 1702 998 aliquo
1732 895 1873 973 nomine
1907 897 2050 973 adunata
2077 899 2144 975 aiut.
2182 903 2217 976 n

753 1015 863 1115 igitur
889 1039 991 1093 noeea
1019 1023 1057 1092 et
1088 1024 1180 1092 reete
1208 1015 1400 1118 intelligere
1425 1017 1569 1093 maximi
1589 1015 1758 1093 momenti
1779 1021 1855 1106 eet,
1884 1040 1975 1115 quae
1996 1041 2072 1092 oum
2097 1025 2140 1092 tot
2163 1027 2216 1092 tm·

753 1134 869 1234 tieque
891 1143 1019 1212 ettam
1040 1135 1142 1212 variie
1163 1137 1379 1236 argumentis
1398 1137 1619 1226 ooheereaut,
1643 1133 1772 1235 quibua
1791 1135 1875 1211 inde
1893 1133 1954 1211 lux
1973 1135 2071 1227 oriri,
2093 1161 2216 1236 quorun·

753 1279 823 1354 que
852 1255 1081 1356 intelligentia
1110 1255 1230 1356 augeri
1260 1263 1297 1332 et
1322 1265 1437 1357 potest
1460 1263 1496 1332 et
1519 1255 1617 1332 uolet
1665 1255 1802 1354 Nempe
1825 1255 1855 1330 ai
1879 1255 1944 1332 boo
1967 1279 2095 1332 summa
2113 1257 2215 1356 ingenia

751 1379 878 1452 teetata
903 1384 1005 1466 eunt,
1029 1399 1067 1450 ee
1091 1375 1301 1474 simulatque
1323 1400 1453 1452 novum
1476 1375 1653 1475 quendam
1668 1397 1861 1452 sermonem
1872 1374 2124 1464 addidioierent,
2144 1377 2214 1473 quui

752 1519 842 1570 noro
863 1495 964 1570 oculo
984 1492 1052 1570 eibi
1072 1495 1261 1570 instructoe
1283 1519 1358 1572 eeee
1381 1495 1492 1586 rieoe,
1511 1481 1562 1570 ⁴de
1583 1495 1688 1570 nullis
1707 1494 1746 1570 id
1767 1494 1881 1570 varius
1902 1519 1979 1570 esea
1998 1501 2119 1596 potest,
2139 1519 2213 1593 quan

752 1614 798 1688 de
827 1614 894 1705 iis,
926 1638 1016 1713 quae
1040 1619 1077 1689 et
1100 1613 1289 1690 formarum
1315 1612 1562 1714 amplitudine,
1595 1621 1632 1690 et
1651 1613 1734 1714 qnia
1755 1613 1903 1713 dispern
1925 1638 1987 1715 per
2008 1613 2139 1690 mmima
2157 1613 2212 1688 oin

752 1733 885 1833 apetie,
917 1743 954 1808 et
980 1734 1146 1834 quoniam
1175 1733 1438 1833 perduraverint
1459 1735 1497 1808 iu
1524 1732 1761 1810 diutiadmum
1786 1757 1935 1822 eorum,
1968 1740 2003 1810 et
2024 1733 2211 1808 eiieefibmin

751 1853 910 1930 animum
937 1852 1150 1942 humanum,
1182 1861 1219 1929 et
1243 1852 1522 1954 pmeenrissimie
1549 1852 1704 1954 seriptis,
1729 1858 1766 1928 et
1788 1851 1911 1928 innata
1931 1850 2210 1953 pulchritudinem

752 1973 830 2073 ipsa
852 1972 888 2048 ei
910 1968 947 2047 in
968 1997 1089 2049 omnes
1109 1973 1251 2050 omnino
1273 1997 1446 2050 sermones
1470 1973 1588 2048 minue
1607 1972 1712 2048 rudes
1734 1971 1796 2073 qui
1817 1971 2016 2048 etiamnunc
2038 1975 2210 2069 murpmtu.

754 2091 843 2166 nulli
863 2091 962 2168 alteri
983 2115 1098 2191 neque
1119 2091 1250 2168 aedunt
1271 2100 1307 2170 et
1331 2091 1402 2169 iere
1424 2090 1613 2192 oornpareri
1630 2099 1828 2190 nequeunt,
1853 2091 1920 2193 qui
1939 2091 1968 2166 ei
1987 2089 2093 2166 reduci
2111 2096 2207 2188 positu

751 2217 789 2284 et
816 2235 898 2287 oum
922 2211 1087 2311 gentibue
1110 2211 1376 2301 eommuniouri,
1402 2210 1529 2286 mirum
1552 2215 1724 2310 quantum
1748 2211 1912 2286 uenturis
1935 2209 2090 2286 afferrem.

801 2333 852 2406 At
883 2330 1099 2406 oontendunt
1124 2331 1246 2421 multi,
1270 2337 1306 2407 et
1333 2330 1419 2406 haee
1443 2338 1497 2406 eet
1515 2329 1621 2420 ratio,
1646 2352 1716 2429 qua
1737 2353 1807 2409 una
1827 2337 1977 2430 poeeunt
2001 2329 2138 2404 advenae
2153 2323 2207 2396 ba

752 2450 869 2526 studia
892 2458 1099 2550 argumenta
1122 2449 1274 2527 firmiora
1297 2448 1457 2540 excitari,
1489 2455 1624 2524 tantam
1653 2447 1725 2524 iam
1749 2473 1825 2526 oeae
1853 2449 1990 2552 copiam
2010 2457 2043 2524 et
2063 2439 2207 2544 amptitudi-

749 2593 833 2646 nem
859 2569 1035 2648 doetrinae
1065 2569 1261 2660 humanae,
1297 2575 1338 2645 ut
1369 2575 1406 2644 et
1436 2593 1458 2644 a
1489 2567 1636 2668 ungofle
1669 2567 1779 2644 teneri
1802 2575 1975 2668 nequeat,
1998 2575 2031 2648 et
2052 2565 2113 2642 eiua
2131 2569 2207 2662 portet

750 2690 977 2790 praecipuae,
999 2689 1138 2766 omieaie
1159 2690 1283 2768 euteria
1301 2695 1338 2767 et
1358 2687 1512 2777 reiectis,
1537 2685 1716 2788 eligendae
1739 2687 1829 2779 sint,
1855 2695 1901 2764 ut
1926 2689 2035 2788 aliqua
2054 2687 2165 2760 demun
2181 2702 2207 2751 ex

751 2815 850 2912 parte
869 2809 1009 2886 obviam
1032 2815 1132 2898 eatur
1148 2809 1299 2910 pruritui
1321 2805 1522 2884 eddieoendi
1542 2806 1819 2906 quamplurima
1840 2817 1877 2883 et
1901 2833 2004 2907 quam
2023 2801 2205 2886 diversoum,

751 2934 794 3001 ut
817 2927 959 3003 tandem
987 2929 1166 3004 minuatur
1186 2953 1228 3004 ea
1253 2929 1323 3017 vie,
1355 2951 1445 3026 qnae
1468 2925 1625 3026 ingenia,
1654 2925 1818 3004 iuvenilia
1843 2927 2057 3028 praesertim,
2076 2924 2134 3024 iper
2154 2918 2205 2991 dot·

751 3045 864 3122 trinae
885 3045 977 3122 mole
995 3070 1156 3147 premens
1178 3046 1388 3147 exstinguet.
1420 3047 1582 3126 Quorum
1603 3045 1692 3120 iliud
1707 3046 1826 3148 negari
1845 3048 1989 3124 omnino
2007 3042 2205 3142 nequiterque

751 3165 821 3240 boc
848 3163 1020 3240 absonum
1048 3173 1122 3257 eat,
1153 3165 1216 3242 eed
1242 3165 1431 3242 videndum
1461 3165 1548 3264 quid
1576 3165 1659 3241 inde
1683 3165 1824 3240 fluxerit
1846 3173 1886 3241 et
1911 3175 2072 3268 sequatur.
2109 3159 2148 3232 Ne
2162 3177 2203 3228 aa·

750 3292 841 3372 tem,
873 3283 1025 3373 interea,
1056 3285 1201 3362 nimiam
1225 3285 1314 3362 bane
1338 3283 1440 3362 nobie
1463 3283 1638 3362 doetrinae
1662 3285 1796 3386 eopiam
1823 3285 1944 3365 animo
1966 3285 2159 3362 mormanus.
2178 3279 2202 3342 θῑ

752 3403 811 3478 vix
831 3403 1094 3484 emteuteudam
1117 3405 1345 3496 arbitremur,
1369 3405 1427 3482 oui
1448 3403 1479 3480 ai
1499 3405 1591 3480 boua
1610 3428 1691 3504 pare
1710 3405 1830 3482 addita
1852 3405 1976 3498 fuerit,
1999 3415 2035 3482 ut
2060 3404 2115 3478 ian
2130 3415 2204 3470 ruet·

631 3584 635 3592 .
753 3546 835 3598 eura
861 3531 935 3611 eet,
966 3547 1039 3598 non
1072 3525 1259 3602 tolerabilis
1291 3525 1395 3601 modo
1429 3524 1492 3601 aed
1526 3523 1580 3600 rel
1611 3523 1660 3600 eie
1691 3523 1787 3602 baud
1811 3527 1986 3604 sufficiens
2007 3525 2064 3603 erit
2087 3511 2203 3596 habeudt·

752 3643 891 3740 Nempe
922 3641 1007 3719 haee
1041 3643 1258 3760 vulgixfere,
1296 3651 1332 3720 et
1368 3643 1523 3743 ipsorum
1558 3641 1791 3742 ἰςιιοιιιιιίιιιιι
1825 3654 1914 3722 eunt
1949 3647 2109 3728 clamores,
2139 3651 2204 3728 saepe

753 3753 973 3859 negligendi,
997 3770 1059 3837 eut
1081 3786 1153 3862 quo
1176 3763 1334 3840 aoerbiua
1356 3767 1559 3864 pungantur
1580 3787 1622 3838 ea
1643 3762 1776 3839 ratione
1798 3766 2021 3870 oppugnandi
2042 3783 2100 3862 qua
2118 3754 2201 3828 dicum·

754 3879 866 3973 Sunt,
890 3877 953 3977 qui
976 3877 1041 3953 boo
1060 3878 1259 3980 aaepiaaima
1287 3905 1346 3956 ore
1367 3887 1490 3981 gerant
1511 3879 1617 3956 etita
1643 3905 1745 3982 agere
1767 3884 1875 3962 eb'am
1904 3885 2045 3971 soleant,
2067 3886 2100 3954 ut
2116 3873 2202 3948 bustu

754 3983 879 4072 andare
909 3995 1027 4073 dicant
1055 4005 1092 4072 et
1114 3997 1268 4074 laborare
1297 3999 1470 4098 optimum
1492 4023 1666 4101 quamque
1693 4001 1731 4076 in
1753 4001 1859 4080 rebus
1891 4004 1960 4081 eive
1988 3995 2140 4079 inutilibus
2154 4009 2201 4062 on·

751 4119 857 4208 nino,
881 4115 953 4192 eive
973 4117 1071 4216 parvi
1091 4117 1270 4196 momenti.
1318 4119 1369 4194 lie
1384 4117 1460 4194 'iam
1483 4118 1742 4196 oonoedendum
1764 4129 1838 4211 eet,
1863 4123 2009 4223 graviter
2030 4137 2135 4196 unaue
2151 4127 2200 4238 pt·

754 4237 916 4327 ditiores,
940 4237 1052 4314 eieubi
1074 4237 1135 4313 illa
1159 4261 1289 4338 magna
1313 4237 1453 4339 ingenia
1479 4238 1661 4316 nobiseum
1684 4239 1835 4342 benigne
1864 4240 2097 4320 eommunicnre
2116 4227 2201 4306 vemt,

752 4380 842 4455 quae
864 4356 1028 4446 demum,
1051 4364 1088 4432 et
1107 4356 1237 4458 quibua
1260 4359 1494 4459 argumentis,
1519 4357 1590 4436 eiut
1612 4359 1681 4436 iate
1704 4359 1842 4436 maioris
1863 4361 2025 4440 momenti
2044 4366 2073 4432 et
2092 4341 2200 4425 obrude,

753 4475 883 4576 quibua
909 4475 1026 4576 potine
1051 4475 1166 4552 vitem
1185 4485 1340 4554 nostram
1363 4477 1547 4568 adbibere,
1582 4487 1619 4556 et
1643 4479 1680 4554 in
1711 4478 1840 4580 quibua
1865 4481 1952 4557 vires
1978 4471 2145 4578 impendere
2161 4460 2198 4532 dt·

751 4598 917 4688 beaunm
941 4621 1006 4673 nea
1025 4595 1124 4672 facile
1143 4596 1361 4687 excitabunt,
1384 4596 1453 4672 aiei
1474 4621 1563 4698 quaa
1583 4598 1695 4676 molto
1716 4597 1822 4676 etiam
1843 4600 1958 4701 plures
1976 4595 2200 4681 reiioientqut¹11

751 4740 845 4793 nuuc
870 4715 1054 4813 fastidiunt
1074 4724 1201 4795 uerba.
1253 4717 1322 4794 Sed
1347 4715 1397 4794 ita
1419 4741 1474 4795 roe
1495 4717 1565 4798 iam
1591 4719 1638 4798 ad
1666 4719 1781 4796 studia
1805 4719 1957 4820 private,
1979 4725 2013 4794 et
2036 4703 2199 4810 singultum
