4892 6184
874 698 1151 771 casulo,
1728 701 1770 766 1r

254 909 421 998 Sauras,
453 909 558 984 unius
577 915 655 983 tum
675 929 718 980 ex
737 906 946 984 Academiae
971 909 1216 996 (iuratoribus,
1238 908 1409 983 industrie
1428 915 1466 982 et
1488 906 1667 1008 ruitantia
1687 908 1768 983 effe·

208 1101 212 1108 ,
251 1039 349 1104 ctum
375 1035 446 1119 est,
471 1036 511 1103 ut
532 1052 624 1103 nova
640 1028 708 1102 ista
729 1027 766 1100 iu
796 1028 984 1105 Academia
1011 1037 1129 1106 nostra
1157 1029 1299 1108 taudem
1327 1029 1513 1128 aliquando
1537 1037 1771 1104 exstrueretur

252 1149 433 1238 cathedra;
459 1149 616 1225 eiusdem
631 1148 839 1224 Lucanam
863 1173 937 1224 vau
954 1151 1100 1226 Sauras
1121 1175 1225 1249 opera
1242 1149 1372 1224 sectum
1392 1158 1463 1239 est,
1483 1157 1525 1224 ut
1546 1150 1769 1224 Srncsaaus·

251 1292 316 1344 nro
340 1294 469 1345 uorum
487 1277 523 1345 et
546 1267 788 1357 honorificum,
814 1269 988 1344 sedidem
1006 1271 1248 1346 difficillimum
1272 1293 1402 1344 munus
1420 1270 1608 1345 offerretur.
1645 1269 1768 1356 Quod,

251 1414 465 1488 quamquam
478 1389 617 1488 'incepti
639 1387 807 1488 gravitate
832 1390 868 1462 ct
888 1399 1065 1466 momento
1090 1392 1241 1489 penitus
1253 1389 1457 1488 perspectis,
1482 1414 1552 1463 nou
1577 1384 1768 1464 detrectan-

250 1509 335 1584 dum
351 1535 426 1584 esse
441 1509 628 1616 arbitratae
642 1508 698 1582 die
711 1507 873 1583 ucesimc
885 1511 987 1582 tertio
1000 1510 1129 1584 mensis
1141 1507 1355 1607 Septembris
1366 1509 1449 1583 euni
1464 1511 1557 1586 1797
1569 1509 1769 1608 auspicatus

251 1635 324 1716 est,
345 1627 464 1702 habita
488 1627 632 1702 solemni
652 1627 805 1700 oratioue
826 1630 868 1700 de
888 1629 1098 1727 eloquentiae
1117 1629 1369 1703 Neerlondicae
1382 1630 1524 1726 publicu
1547 1631 1769 1705 institutione.

205 1760 211 1768 ·
297 1750 374 1822 Iam
396 1747 504 1846 igitur
525 1746 617 1820 latus
639 1745 912 1820 Srscnrsnurro
939 1745 1083 1845 patabat
1101 1771 1246 1846 campus
1266 1747 1303 1821 in
1324 1771 1395 1845 quo
1418 1748 1506 1822 vires
1530 1759 1567 1822 et
1586 1749 1769 1846 ingenium

248 1873 437 1954 exerceret;
477 1872 591 1940 totum
623 1865 716 1940 euim
751 1866 794 1940 iis
826 1865 951 1940 studiis
982 1889 1019 1939 se
1051 1865 1133 1940 dare
1162 1873 1298 1966 poterat
1327 1892 1416 1966 quae
1447 1863 1548 1942 unice
1581 1867 1768 1967 diligebat,

247 1985 386 2084 pulcrae
421 2010 443 2060 e
474 1993 598 2060 natura
619 1993 778 2085 acceptae
801 1983 927 2059 indolis
948 1986 1153 2062 excolendae
1180 1987 1478 2087 opportunitatem
1499 1995 1623 2062 nactus
1647 1988 1770 2086 gratis·

248 2106 382 2180 simam.
423 2107 548 2204 Neque
567 2131 691 2181 venam
715 2107 905 2206 patriarum
926 2106 1118 2182 litterarum
1138 2107 1290 2184 fautores
1311 2107 1355 2181 de
1376 2132 1418 2182 eo
1434 2108 1631 2207 concepisse
1650 2132 1770 2209 spem,

246 2215 318 2301 lore
342 2233 382 2300 ut
405 2225 480 2301 eius
504 2250 609 2324 opera
634 2227 793 2324 Linguae
813 2226 1061 2301 Neerlaudicae
1090 2228 1246 2301 studium
1273 2235 1530 2325 promoveretur
1551 2235 1587 2302 et
1608 2229 1771 2302 iuventus

247 2347 440 2421 litterarum
463 2344 771 2420 Neerlaudicarum
796 2368 912 2418 amore
941 2345 1175 2433 imbueretur,
1207 2346 1278 2420 iam
1305 2347 1423 2420 statim
1450 2346 1536 2420 adeo
1562 2347 1772 2422 factumest
1819 2420 1825 2440 ,

248 2465 492 2551 manifestum,
528 2473 568 2536 ut
597 2463 807 2538 Academiae
837 2464 1040 2551 Curatores,
1076 2463 1214 2538 duobus
1229 2465 1342 2562 *anuis
1366 2471 1446 2561 post
1469 2466 1595 2539 initum
1620 2491 1771 2555 munus,

252 2586 558 2658 Sracuuanuurun
572 2582 799 2682 professorem
818 2580 1033 2656 ordinarium
1057 2582 1294 2657 renuntiarent
1316 2607 1436 2656 earum
1454 2582 1667 2674 litterarum,
1695 2588 1772 2683 qui-

239 2703 315 2778 bus
351 2701 547 2778 excolendis
579 2710 614 2776 et
645 2700 930 2777 commendandis
961 2709 1033 2777 tam
1064 2701 1238 2802 insignem
1271 2727 1412 2802 operam
1447 2713 1615 2778 navasset.
1667 2705 1774 2783 Quod

247 2849 377 2899 munus
413 2822 557 2898 solemni
586 2821 690 2897 modo
724 2821 925 2921 auspicatus
949 2821 1138 2896 orationem
1169 2821 1294 2897 habuit
1323 2822 1553 2898 academicam
1578 2826 1620 2898 de
1645 2824 1771 2899 Purac
1893 2910 1897 2918 k

247 2945 420 3019 Hoorrrc
443 2943 624 3017 Coannurr
647 2965 767 3029 smro,
782 2946 891 3040 poeta
915 2949 951 3016 et
972 2967 1084 3015 reram
1108 2944 1284 3040 emptore.

294 3065 400 3138 Auuc
435 3064 528 3136 1802
561 3060 686 3136 accidit
700 3064 703 3073 “
719 3084 790 3159 quo
821 3061 1094 3136 Srncuuannuro
1125 3062 1365 3162 opportunitas
1397 3072 1450 3139 est
1482 3064 1598 3140 oblata
1630 3065 1771 3140 demon-

251 3183 402 3270 straudi,
440 3181 545 3257 latine
580 3180 752 3276 dicentem
788 3206 859 3256 nou
896 3181 1011 3256 miuus
1046 3182 1243 3281 eloquentie
1276 3209 1313 3258 se
1343 3184 1471 3283 pollere
1504 3209 1610 3284 quam
1640 3186 1772 3260 Batavo

249 3327 406 3378 sermone
430 3301 700 3376 concionantem.
750 3301 836 3375 Post
860 3301 1067 3378 diuturnum
1090 3303 1184 3377 euim
1206 3303 1289 3378 belli
1313 3305 1497 3404 strepitum
1524 3304 1715 3404 turbasque
1737 3311 1773 3377 et

250 3430 491 3523 tempestates,
521 3446 611 3520 quae
639 3419 835 3496 universam
857 3421 1033 3520 Europam
1051 3424 1274 3522 praecipitem
1301 3425 1486 3514 dederent,
1510 3426 1601 3500 iuter
1623 3427 1771 3500 Franco·

250 3544 369 3618 Gallos
403 3551 439 3617 et
463 3541 598 3642 Auglos
623 3549 828 3616 convenerat
851 3542 895 3617 de
919 3568 1004 3642 pace
1025 3542 1202 3633 iacienda,
1239 3569 1329 3643 quae
1360 3547 1465 3619 finem
1494 3545 1620 3618 faceret
1644 3545 1771 3617 discor·

252 3664 349 3752 diae,
385 3686 475 3761 quae
501 3671 536 3736 et
560 3667 696 3737 nostrae
719 3661 851 3761 patriae
876 3663 1048 3762 quietem,
1080 3688 1186 3762 quam
1212 3663 1455 3736 desiderabant
1474 3669 1605 3735 ‘omues
1635 3670 1671 3735 et
1693 3687 1770 3737 ave·

250 3783 354 3869 baut,
388 3782 530 3856 taudem
566 3781 752 3881 aliquando
788 3781 994 3856 restitueret.
1044 3781 1169 3878 Itaque
1196 3781 1292 3879 quod
1317 3787 1353 3852 et
1375 3787 1476 3853 antea
1500 3781 1575 3855 fieri
1595 3788 1669 3855 erat
1692 3782 1771 3855 soli·

252 3911 349 3990 tum,
384 3903 670 4000 quotiescumque
692 3898 862 3974 acciderat
886 3899 979 3997 quod
1000 3899 1131 3997 patriae
1155 3899 1357 3974 iudicabant
1378 3896 1484 3974 fausti
1509 3923 1584 3974 esse
1612 3901 1771 4000 augurii,

252 4022 477 4097 decreverunt
506 4020 691 4095 Curatores
725 4025 764 4093 ut
800 4019 945 4094 solemni
975 4019 1127 4094 oratioue
1149 4020 1261 4095 laetus
1285 4020 1344 4094 ille
1368 4019 1494 4095 allatus
1517 4020 1663 4094 nuntius
1682 4022 1769 4096 cele·

250 4141 418 4215 braretur.
469 4139 580 4214 Cuius
604 4137 783 4214 habendae
810 4138 972 4213 orationis
995 4138 1170 4238 provincia
1192 4141 1465 4215 Smcnuaunurc
1491 4147 1544 4215 est
1569 4139 1710 4216 tributa.

300 4258 503 4334 Houcrifico
537 4259 701 4334 mandato
730 4258 787 4332 ille
818 4267 871 4333 est
896 4257 1100 4348 deluuct'us,
1134 4258 1254 4335 habita
1276 4260 1429 4335 oratioue
1455 4262 1497 4335 de
1514 4286 1606 4359 pace
1633 4262 1770 4335 Ambiu-

256 4381 371 4465 aenea',
397 4402 503 4476 quam
528 4403 639 4477 quum
665 4403 785 4454 omues
811 4390 852 4454 ut
882 4379 972 4455 bene
996 4379 1239 4479 eleganterque
1265 4381 1403 4455 dicendi
1429 4379 1604 4479 exemplar
1623 4379 1772 4454 admira-

252 4507 391 4584 rentur,
436 4507 513 4572 tum
555 4523 682 4574 vanum
721 4498 828 4574 luisse
865 4499 978 4597 patuit
1011 4505 1130 4574 eorum
1168 4507 1323 4589 metum,
1363 4500 1425 4597 qui
1460 4499 1559 4573 veriti
1592 4506 1690 4574 erant
1714 4525 1772 4575 ne

253 4616 375 4716 patriis
410 4617 555 4712 escultis
593 4617 715 4693 litteris
748 4644 770 4693 e
801 4618 1021 4694 classicorum
1056 4619 1248 4695 litterarum
1280 4619 1397 4694 studio
1430 4618 1702 4695 abalienaremur
1736 4629 1771 4694 et

253 4735 460 4835 philologiae
483 4738 633 4812 Graecae
661 4746 696 4812 et
717 4738 894 4813 Romanae
919 4763 1005 4814 suus
1028 4740 1137 4815 honor
1163 4747 1199 4815 et
1218 4739 1334 4814 cultus
1354 4739 1573 4815 adimeretur.
1625 4740 1770 4815 Curato-

254 4856 351 4931 ribus
384 4878 481 4947 uero,
516 4880 665 4955 quorum
702 4857 904 4932 auctoritate
937 4861 1232 4936 Smcnusaaurus
1265 4858 1369 4937 verba
1398 4859 1543 4947 fecerat,
1574 4861 1683 4936 oratio
1714 4861 1772 4935 illa

1509 4983 1530 5052 3
