4892 6184
894 701 1172 793 oas'rro.
1725 729 1789 795 ιιι

273 921 319 1004 et'
330 927 524 1020 sollicitari,
549 951 656 1030 qnam
678 928 816 1008 incitari
831 939 937 1032 atquc
951 925 1180 1022 inflammari,
1205 936 1246 1007 nt
1265 953 1345 1018 vos,
1370 930 1456 1006 tales
1476 938 1661 1032 tantosque
1681 933 1789 1021 viros,

273 1051 379 1127 duees
415 1075 550 1151 sequar.
611 1051 818 1128 Haesitante
852 1054 961 1154 pede,
1001 1061 1115 1129 vestro
1156 1051 1270 1127 ordini
1309 1049 1522 1158 adscriptus,
1562 1050 1786 1128 honorificum

272 1169 360 1245 mibi
391 1171 549 1246 oblatum
581 1171 698 1248 locum
730 1197 871 1271 occupo.
920 1173 1141 1249 Hsestitante
1171 1172 1292 1272 lingua
1323 1194 1403 1261 vos,
1439 1171 1516 1246 Viri
1546 1173 1787 1248 celeberrimi!

272 1288 421 1389 collegas
451 1290 620 1390 compello
655 1299 692 1367 et
721 1292 845 1370 saluto.
899 1293 1058 1393 Accipite
1093 1318 1151 1368 me
1189 1300 1358 1390 tanquam
1392 1289 1534 1366 fratrem
1566 1299 1601 1366 et
1634 1293 1790 1381 socium,

272 1433 421 1506 quaeso,
454 1411 517 1510 qni
545 1435 629 1488 suae
655 1411 902 1488 mediocritatis
940 1421 977 1486 et
1013 1419 1204 1488 vestrorum
1237 1411 1438 1485 meritorum
1468 1411 1580 1511 probe
1610 1412 1789 1499 conscius,

272 1538 385 1605 vestra
408 1529 641 1607 familiaritate
662 1531 735 1620 uti,
759 1532 882 1606 vestiis
901 1531 1042 1606 monitis
1065 1539 1101 1605 et
1119 1527 1272 1605 consiliis
1293 1528 1362 1602 frui
1381 1553 1571 1630 permagno
1595 1531 1663 1605 sibi
1686 1531 1792 1606 ducet

272 1649 412 1737 honori,
448 1659 484 1725 et
517 1649 598 1726 licet
630 1675 653 1724 a
680 1649 779 1725 vobis
809 1649 992 1738 omnibus,
1022 1649 1076 1723 vel
1096 1649 1292 1724 iunioribus
1314 1648 1369 1722 ve!
1390 1647 1583 1724 senioribus
1607 1675 1689 1728 cnm
1711 1652 1791 1728 doc·

272 1769 382 1843 trinae
400 1770 618 1868 praestantia
645 1777 724 1844 tum
751 1769 884 1868 ingenii
911 1768 1054 1842 dotibus
1076 1769 1179 1867 longe
1200 1777 1402 1868 superetur,
1427 1769 1465 1844 id
1487 1777 1604 1846 tamen
1627 1780 1726 1872 agat,
1751 1783 1792 1846 ut

271 1887 308 1960 in
345 1887 510 1961 omnibus
546 1888 615 1963 illis
653 1887 858 1963 exhibendis
892 1886 1032 1976 officiis,
1069 1911 1159 1986 quae
1196 1895 1356 1964 mutuam
1394 1888 1488 1964 alant
1525 1890 1731 1978 amicitiam,
1771 1919 1793 1966 a

271 2007 390 2105 paucis
411 2032 450 2082 sc
473 2005 564 2082 vinci
586 2015 624 2084 at
649 2007 804 2110 superari
823 2007 934 2082 sinat!
966 2049 1018 2068 -
1048 2007 1169 2106 Atque
1190 2007 1254 2084 hoc
1275 2008 1372 2084 vobis
1392 2009 1594 2108 praesertim
1616 2011 1790 2108 spondeo,

271 2126 479 2226 'theologiae
499 2128 733 2204 Professores!
758 2127 835 2202 Viri
854 2126 1065 2227 gravissimi!
1093 2126 1304 2225 quibuscum
1321 2129 1510 2204 earundem
1530 2129 1791 2229 disciplinarum

272 2247 451 2335 studium,
476 2247 632 2346 adeoque
652 2247 776 2323 arctior
798 2246 904 2320 etiam
925 2271 982 2320 me
1005 2245 1127 2344 iunget
1148 2246 1378 2322 necessitudo.
1427 2247 1518 2336 Vos,
1544 2255 1585 2322 ut
1601 2272 1658 2323 me
1680 2257 1793 2324 vestro

272 2368 406 2455 favore,
432 2375 545 2442 vestro
567 2393 684 2444 amoro
705 2365 1000 2467 complectamini,
1026 2373 1066 2438 ut
1087 2389 1144 2438 me
1166 2365 1383 2440 vacillantem
1404 2366 1622 2454 sustentetis,
1648 2376 1689 2440 ut
1707 2369 1795 2442 mihi

273 2496 387 2562 vestra
416 2488 626 2587 experientia
648 2488 794 2574 instrui,
830 2493 942 2560 vestra
964 2484 1123 2559 doctrina
1144 2484 1259 2559 doceri
1283 2486 1498 2574 concedatis,
1522 2485 1664 2592 obsecro
1689 2494 1795 2585 atque

273 2607 436 2683 obtestor.
486 2609 541 2682 Ac
569 2631 733 2706 magnam
759 2613 795 2680 et
822 2605 948 2679 laetam
972 2629 1071 2703 spem
1093 2605 1129 2678 in
1154 2604 1272 2680 animo
1296 2604 1459 2704 concepi,
1487 2605 1560 2682 loro
1583 2605 1678 2703 quod
1702 2617 1793 2704 pato.

273 2728 400 2801 Nonne
427 2726 533 2815 mibi,
567 2751 679 2824 quum
713 2724 844 2800 dubius
872 2731 979 2820 atque
1010 2723 1135 2797 anxius
1157 2723 1353 2812 haererem,
1388 2730 1507 2798 utrum
1525 2724 1683 2799 oblatum
1708 2726 1797 2800 mihi
1940 2789 1945 2800 .

276 2866 405 2918 munus
426 2843 616 2942 acciperem
634 2868 680 2918 an
702 2865 917 2930 recusarem,
939 2840 989 2917 ita
1018 2865 1214 2916 succurrere
1239 2841 1416 2931 voluistis,
1442 2851 1483 2917 ut
1499 2843 1559 2941 qui
1572 2850 1729 2920 moestus
1750 2846 1796 2918 ad

273 2988 334 3038 vos
353 2963 594 3051 accessissem,
613 2963 735 3039 laetior
755 2989 777 3038 a
796 2961 894 3036 vobis
917 2961 1154 3036 discederem?
1179 3003 1229 3018 -
1253 2963 1328 3036 Nec
1349 2969 1464 3036 metus
1488 2961 1586 3037 valde
1601 2986 1658 3038 me
1679 2963 1795 3061 angit,

274 3108 318 3158 ne
348 3084 393 3159 iis
426 3082 709 3182 quaestionibus,
740 3107 831 3182 quae
859 3081 924 3157 boc
951 3076 1174 3181 potissimum
1200 3087 1357 3180 tempore
1381 3081 1635 3182 Theologorum
1661 3083 1795 3158 animos
1877 3078 1878 3082 ’

274 3203 455 3279 advertant
488 3211 524 3276 et
550 3226 738 3301 suspensos
768 3211 928 3291 teneant,
963 3201 1071 3276 nostri
1104 3201 1212 3276 animi
1236 3201 1492 3302 disirmgantur.
1515 3245 1565 3260 -
1586 3203 1712 3278 Nonne
1734 3212 1793 3291 tu,

274 3323 472 3398 clarissime
498 3323 726 3399 Bonnsuual
761 3323 988 3399 inmemoria
1010 3324 1220 3411 Cnsarssn,
1246 3346 1352 3422 quem
1372 3330 1488 3397 tecum
1506 3324 1660 3399 venerari
1688 3333 1794 3424 atque

274 3443 436 3518 admirari
466 3467 648 3543 nunquam
677 3443 852 3532 desinam,
882 3444 934 3518 ita
964 3442 1179 3541 Theologum
1203 3441 1276 3516 veri
1296 3441 1449 3516 nominis
1470 3441 1571 3516 nobis
1595 3441 1794 3530 delineasti,

275 3568 336 3650 ut,
355 3562 386 3636 si
403 3562 473 3638 tale
489 3562 756 3661 exemplumve!
775 3587 795 3636 e
812 3561 1003 3660 longinquo
1024 3584 1206 3658 sequerer,
1231 3585 1288 3636 me
1307 3569 1430 3661 terque
1450 3567 1641 3660 quaterque
1658 3562 1794 3638 felicem

276 3681 534 3779 praedicarem?
582 3683 684 3773 Quod
712 3683 885 3781 reliquum
914 3689 983 3767 est,
1016 3679 1092 3754 Viri
1120 3679 1333 3779 gravissimi!
1373 3681 1507 3756 amicus
1539 3681 1638 3756 nobis
1674 3682 1794 3770 Plato,

276 3802 408 3877 amiens
431 3803 605 3891 Socrates,
622 3802 684 3876 sed
703 3803 816 3902 magis
834 3803 945 3879 amica
965 3801 1100 3875 veritas.
1140 3801 1244 3876 Hanc
1264 3800 1403 3878 veniam
1427 3801 1552 3876 damus
1574 3801 1794 3900 petimusque

276 3921 437 3996 vicissim.
488 3921 552 3995 Uti
582 3929 700 3997 autem
734 3921 887 3997 veritatis
918 3921 1230 4010 studiosissimum,
1264 3921 1314 3997 its
1344 3930 1381 3996 et
1401 3922 1495 4020 pacis
1517 3922 1793 3997 amantissimum

276 4066 334 4115 me
363 4041 461 4116 vobis
485 4042 708 4141 comprobare
738 4041 895 4118 studebo.
948 4041 1151 4118 Coniunctis
1176 4042 1257 4116 licet
1280 4041 1472 4140 imparibus
1495 4041 1647 4129 viribus,
1672 4041 1794 4118 eodem

276 4161 418 4235 oonsilio
450 4161 565 4236 ductis
599 4161 752 4236 laborem
775 4169 811 4236 ct
831 4161 940 4235 vitam
965 4159 1180 4259 [theologicis
1201 4159 1326 4234 studiis
1349 4159 1549 4258 impendere
1575 4159 1677 4233 nobis
1697 4161 1795 4235 Deus

278 4280 464 4367 concedat,
483 4287 540 4368 et,
566 4280 596 4354 si
617 4279 703 4378 quid
720 4269 798 4354 mea
815 4289 894 4354 vota
914 4279 1049 4370 valent,
1060 4278 1137 4353 Vos
1151 4278 1214 4352 diu
1223 4279 1402 4367 valebitis,
1419 4277 1598 4375 rigebitis!
1622 4279 1794 4368 Funerta,

279 4423 371 4495 quae
400 4399 481 4473 huic
511 4399 719 4474 Academiae
753 4401 1028 4477 Rorsaunsrunr
1063 4398 1210 4497 eripuit,
1243 4422 1343 4502 mors
1370 4395 1492 4486 vestris
1516 4402 1632 4493 parcet
1653 4394 1777 4470 diebus
1784 4429 1793 4482 ;

278 4517 446 4616 vobisque
475 4519 676 4618 continget,
705 4520 793 4594 rude
821 4520 979 4606 donatis,
1011 4519 1166 4618 placidae
1192 4517 1379 4592 senectutis
1399 4515 1470 4591 otio
1495 4516 1580 4602 frui,
1605 4520 1792 4612 antequam

278 4637 410 4736 optime
432 4637 477 4712 de
496 4638 613 4713 Patria
635 4646 671 4713 et
693 4639 845 4714 Ecclesia
869 4639 984 4714 meriti
1003 4663 1046 4714 ex
1070 4639 1135 4714 hoc
1162 4638 1252 4714 vitae
1280 4635 1391 4713 stadio
1413 4636 1450 4710 in
1469 4635 1588 4712 beatas
1612 4634 1792 4710 beatorum

279 4755 380 4830 sedes
403 4758 609 4832 evocemini!

329 4875 465 4952 Salvete
495 4885 532 4952 et
566 4903 645 4986 vos,
676 4877 752 4952 Viri
785 4877 995 4969 Clarissimi,
1019 4879 1206 4954 Ieidenses
1231 4874 1437 4976 Theologiae
1462 4873 1693 4950 Professores!
1732 4876 1794 4972 qui

1505 4997 1550 5068 19
