4892 6184
709 694 776 763 300
1308 692 1344 759 E.
1378 692 1407 759 J.
1442 688 1633 768 KlEllL,

711 900 960 987 destituamur,
997 896 1127 999 quibus
1160 897 1235 974 sina
1271 899 1380 975 animi
1412 899 1556 975 humani
1587 896 1737 973 marimo
1768 896 1977 973 detrimento
2012 920 2129 973 carere
2160 920 2224 973 non

710 1020 837 1121 poterit
861 1040 1010 1117 sequens
1034 1040 1176 1107 aarum,
1208 1015 1379 1116 nobisque
1402 1014 1473 1092 iem
1498 1016 1717 1116 proximum,
1747 1014 1810 1091 sed
1833 1022 1875 1090 ut
1898 1040 1940 1092 eo
1969 1015 2226 1103 tantummodo,

710 1139 773 1216 ubi
798 1138 1022 1239 gravimimns
1047 1137 1207 1215 imminet
1229 1160 1350 1225 cesus,
1375 1143 1416 1211 ut
1439 1160 1498 1225 eo,
1523 1133 1586 1211 ubi
1607 1134 1678 1211 iam
1706 1134 1831 1209 rudera
1855 1134 1928 1210 sola
1952 1142 2162 1235 supersunt,
2189 1158 2229 1208 eo

710 1258 874 1346 demum,
899 1256 962 1332 uhi
985 1280 1107 1333 omnes
1130 1257 1352 1333 consentiunt
1374 1256 1511 1331 ruinam
1536 1280 1611 1331 esse
1631 1254 1838 1355 proximam,
1866 1262 1907 1329 ut
1933 1280 1975 1332 eo
2001 1254 2126 1329 saltem
2149 1254 2228 1328 sub-

711 1378 800 1453 sidia
829 1377 1037 1466 mittantur,
1066 1402 1182 1477 neque
1211 1377 1328 1454 desint
1353 1376 1440 1452 vires
1471 1376 1671 1451 etiamnunc
1699 1372 1901 1472 superstites
1924 1374 1969 1449 ad
1996 1396 2100 1474 opem
2120 1372 2225 1448 feren·

711 1498 803 1573 dam.
864 1496 975 1574 Haud
1004 1496 1131 1573 iniuria
1161 1497 1200 1573 id
1231 1496 1388 1572 homines
1422 1502 1458 1571 at
1489 1494 1703 1571 callidissimi
1737 1518 1874 1594 semper
1904 1493 2106 1595 elegerunt,
2137 1492 2226 1591 quod

710 1616 886 1692 mordicus
918 1618 1125 1707 retinerent,
1158 1625 1195 1692 et
1221 1614 1502 1717 prudentissimi,
1534 1614 1629 1714 quod
1652 1637 1762 1689 unum
1792 1612 1954 1689 flebiliter
1977 1614 2137 1713 lugerent
2158 1636 2227 1687 cor·

709 1745 874 1835 ruptum,
908 1736 966 1811 cui
990 1737 1192 1837 corrigendo
1219 1760 1340 1812 amnas
1374 1736 1481 1813 animi
1508 1734 1596 1809 vires
1627 1732 1879 1833 impenderent.
1929 1732 2074 1807 Arduus
2098 1738 2152 1806 est
2176 1732 2227 1806 hio

710 1857 826 1944 labor,
862 1855 988 1945 fateor,
1018 1880 1083 1931 nec
1113 1856 1183 1931 cito
1213 1856 1332 1956 peregi
1361 1855 1506 1957 poterit,
1538 1862 1601 1929 aut
1633 1854 1671 1927 in
1695 1853 1816 1954 paucis
1840 1850 1997 1953 planiore
2020 1853 2232 1951 argumentis

711 1983 884 2063 versetur,
909 1975 971 2050 sed
994 1974 1220 2075 dignissimus
1239 1984 1313 2065 est,
1335 1974 1371 2049 iu
1397 1998 1467 2075 quo
1490 1974 1579 2049 vitae
1599 1974 1706 2047 finem
1730 1979 1767 2047 et
1788 1972 1959 2049 curricula
1983 1973 2225 2073 ponemus,in

711 2116 781 2191 quo
810 2094 1007 2193 peragendo
1037 2101 1100 2169 eut
1130 2093 1307 2171 victoriam
1337 2094 1487 2195 denique
1512 2092 1763 2193 adipiscamur,
1789 2099 1852 2167 aut
1876 2092 2055 2192 ingruenti
2078 2090 2226 2167 licentiae

711 2211 816 2287 simul
843 2236 925 2287 oum
956 2210 1057 2290 bonis
1082 2214 1246 2289 omnibus
1267 2214 1430 2290 ecernme
1455 2214 1652 2289 resistentes
1674 2212 1853 2288 obstemus
1883 2212 1968 2287 dum
1994 2212 2069 2287 lieri
2092 2211 2225 2311 poterit,

710 2334 854 2431 eiusque
876 2331 1088 2411 exitiabilem
1113 2332 1302 2409 adventum
1325 2334 1494 2433 quamdiu
1517 2333 1658 2409 omnino
1681 2330 1799 2407 licebit
1823 2332 2049 2407 retardamus.
2100 2332 2227 2430 Nempe

708 2451 774 2525 hoo
810 2450 895 2525 satis
929 2450 999 2526 dici
1032 2476 1101 2527 uon
1141 2459 1275 2553 potest,
1311 2460 1347 2527 et
1370 2452 1521 2527 multum
1552 2452 1678 2527 vereor'
1695 2460 1735 2525 ut
1759 2451 1842 2526 satis
1870 2451 2050 2538 credatur,
2075 2452 2120 2525 ob
2146 2450 2227 2525 hanc

708 2570 882 2646 licentiam
907 2570 1018 2671 magis
1044 2571 1226 2672 magisque
1250 2570 1517 2646 invalescentem
1540 2572 1575 2646 in
1601 2570 1831 2647 summeium
1856 2571 2010 2672 periculo
2033 2572 2159 2646 versari
2180 2570 2227 2643 in·

708 2690 924 2766 stitutionem
956 2691 1147 2767 iuventutis
1176 2692 1213 2766 in
1239 2691 1351 2791 petria
1376 2698 1493 2767 nostra
1520 2691 1734 2779 universam,
1762 2700 1799 2765 et
1828 2690 1917 2766 hanc
1938 2692 2042 2766 etiam
2065 2690 2227 2767 academi·

707 2832 804 2898 cem,
840 2834 930 2909 quae
963 2810 994 2885 si
1023 2818 1087 2887 aut
1115 2820 1253 2911 pereat,
1284 2818 1348 2886 eut
1370 2810 1466 2909 quod
1493 2810 1616 2887 eodem
1650 2810 1741 2886 redit
1765 2817 1802 2884 et
1826 2810 1937 2885 multo
1964 2810 2077 2909 magis
2098 2832 2227 2896 vereor,

708 2924 845 3022 torpido
875 2926 1042 3024 languora
1067 2926 1318 3017 obdormisset,
1349 2927 1419 3004 iam
1451 2930 1615 3005 Boeotiae
1645 2930 1730 3005 haec
1763 2930 1892 3031 patria,
1924 2954 2031 3030 quam
2066 2928 2228 3014 Athenis,

710 3041 853 3117 similior
864 3044 952 3131 det,
976 3067 1066 3141 quaa
1088 3053 1212 3120 contre
1236 3048 1265 3120 si
1287 3048 1401 3122 locum
1426 3074 1530 3123 suum
1553 3074 1688 3125 servare
1715 3050 1820 3139 sciat,
1853 3056 1889 3125 et
1911 3051 2057 3125 retineat
2079 3074 2122 3123 ex
2145 3048 2227 3123 anti-

710 3159 889 3261 quioribus
909 3161 1117 3252 laudabilis,
1141 3188 1205 3239 nec
1231 3189 1335 3241 suum
1360 3191 1483 3243 aevum
1507 3168 1673 3268 ignoraus
1695 3176 1732 3244 et
1749 3168 1946 3267 aequalium
1972 3169 2088 3245 studia
2106 3168 2228 3243 formes

708 3282 851 3383 quidem
874 3289 911 3357 at
935 3280 1085 3381 speciem
1109 3289 1240 3373 mutat,
1265 3284 1326 3359 sad
1348 3286 1475 3361 retinet
1494 3289 1833 3389 praestantissimum
1856 3290 1944 3364 illud
1966 3298 2003 3365 et
2022 3289 2226 3379 immortale,

708 3410 750 3477 ut
772 3401 854 3477 viris
876 3425 954 3477 vere
977 3401 1125 3502 egregiis
1148 3404 1387 3481 committatur
1414 3406 1569 3483 docenda
1601 3408 1685 3484 haec
1710 3410 1872 3484 iuventus
1902 3408 2080 3509 aptissima
2099 3408 2226 3483 ratione

709 3522 892 3598 utilissima
926 3545 1105 3621 quseque,
1136 3522 1338 3598 si'curatur
1370 3524 1542 3625 danique,
1567 3534 1608 3601 ut
1636 3535 1673 3600 et
1699 3524 1987 3627 praestantissimi
2010 3528 2174 3614 doceant,
2195 3534 2227 3599 et

707 3643 795 3719 ratic
817 3640 965 3717 docendi
987 3641 1099 3717 multo
1119 3641 1241 3718 melior
1263 3642 1406 3719 exsistat
1427 3654 1532 3745 atque
1556 3669 1650 3721 nunc
1673 3654 1749 3733 est,
1764 3642 1810 3719 ‘ht
1831 3645 1907 3745 ipsa
1925 3645 2089 3720 iuventus
2110 3645 2227 3721 ceteris

710 3763 815 3837 etiem
846 3760 1066 3836 adminiculis
1099 3769 1331 3853 sustentetur,
1363 3788 1453 3863 quae
1482 3792 1596 3843 rerum
1627 3766 1856 3867 intelligentia
1885 3752 2155 3856 demonstrabit,
2181 3766 2227 3841 nil

709 3882 780 3954 iera
810 3880 956 3979 cogitari
984 3888 1098 3981 potest
1124 3882 1211 3958 adeo
1235 3883 1467 3982 praeclarum,
1502 3886 1597 3984 quod
1626 3887 1676 3963 ita
1701 3886 1953 3986 sapientissime
1976 3912 2083 3988 agens
2111 3888 2225 3963 civitas

709 4004 826 4073 nostra
849 4021 921 4073 non
944 4007 1157 4098 assequetur.
1304 4018 1312 4029 ’

756 4240 995 4318 Moderatores
1034 4239 1140 4315 huius
1173 4240 1364 4351 Athenaei,
1399 4268 1528 4346 vosque
1569 4247 1793 4322 decurionum
1830 4246 2032 4347 collegium!
2093 4244 2223 4319 Vestris

709 4360 882 4460 suffragiis
910 4359 947 4435 in
975 4360 1063 4436 hano
1088 4359 1288 4437 cathedram
1320 4369 1480 4454 vocetur,
1513 4365 1550 4441 id
1571 4366 1641 4443 iam
1662 4366 1759 4442 vobis
1781 4367 1885 4443 etiam
1911 4366 2038 4454 debeo,
2065 4373 2107 4440 ut
2130 4364 2220 4439 baud

706 4479 891 4581 indignum
922 4504 983 4555 vos
1008 4479 1170 4581 selegisse
1197 4482 1441 4559 demonstrem.
1499 4486 1600 4576 Quod
1629 4510 1687 4562 me
1719 4486 1815 4561 omni
1842 4486 1877 4560 si
1908 4494 2091 4563 conantem
2125 4508 2220 4583 spem

706 4597 849 4688 videtis,
883 4606 919 4675 et
942 4588 1044 4700 porro
1066 4608 1272 4677 conaturum
1294 4601 1391 4696 vobis
1415 4603 1578 4703 spondeo.
1630 4605 1686 4681 Sic
1713 4612 1830 4680 autem
1857 4628 1978 4707 agenn
2003 4610 2102 4679 utet
2126 4600 2218 4677 robis

661 4791 664 4797 .
705 4717 857 4794 tribuam
887 4718 1073 4809 honorem,
1106 4721 1168 4820 qui
1197 4718 1319 4797 multis
1349 4721 1549 4799 nominibus
1577 4724 1741 4812 debetur,
1766 4730 1802 4798 et
1825 4748 1957 4799 servem
1982 4746 2090 4823 quam
2121 4720 2216 4796 unica

706 4835 834 4936 diligo,
858 4838 1053 4939 cogitandi,
1075 4847 1112 4915 et
1136 4840 1292 4932 dicendi,
1324 4848 1360 4916 at
1380 4842 1476 4941 quod
1497 4843 1690 4921 maximum
1712 4852 1766 4921 cst
1790 4844 1916 4944 egendi
1939 4842 2154 4929 libertatem,
2180 4848 2216 4913 ut
