4892 6184
499 1569 733 1632 ucannmtn
753 1569 1176 1632 BHENO-TRAIECTINAE
1197 1567 1445 1642 CURATORES,
1467 1569 1752 1642 PROFESSOBES,

534 1669 754 1742 LECTORES,
775 1670 902 1733 ctvstsr

499 1814 782 1878 CUIUSCUNQUE
803 1815 965 1879 ORDINIS
985 1817 1036 1879 ΕΤ
1056 1815 1150 1877 Locl
1169 1815 1394 1878 AUDITORES
1415 1816 1732 1880 SXOPTATISSIMH

331 2265 552 2370 Academiae
586 2297 762 2394 regundse
796 2288 926 2371 munus
955 2298 1044 2370 festo
1077 2296 1142 2369 hoc
1172 2296 1228 2369 dia
1263 2303 1451 2392 ponentem
1487 2297 1543 2370 lex
1574 2321 1629 2370 me
1653 2295 1753 2371 iubet

236 2441 414 2503 enarrare,
448 2439 538 2514 quae
565 2415 676 2489 almae
704 2417 807 2490 matri
828 2425 968 2490 nostrae
992 2424 1068 2489 tum
1092 2439 1269 2514 prospere,
1292 2425 1367 2490 tum
1394 2415 1536 2490 adversa
1559 2415 1753 2502 evenerint,

235 2561 292 2611 me
321 2536 479 2610 Rectore.
516 2534 622 2612 Quod
644 2558 756 2631 quum
781 2536 924 2634 exsequi
945 2535 1128 2633 aggredior
1147 2534 1316 2621 officium,
1344 2557 1413 2607 non
1440 2558 1582 2633 possum
1603 2559 1674 2609 non
1697 2559 1753 2608 me

235 2665 288 2731 ter
319 2663 511 2753 quaterque
543 2653 685 2727 beatum
715 2655 922 2752 praedicare.
973 2656 1030 2728 Ne
1060 2661 1176 2728 tamen
1207 2651 1355 2752 putetis,
1374 2727 1377 2734 λ
1395 2677 1451 2727 me
1484 2653 1548 2727 hoe
1581 2652 1755 2728 dicentem

235 2775 450 2873 significare,
484 2797 589 2872 grave
621 2780 659 2846 et
687 2774 876 2849 molestum
898 2773 986 2850 mihi
1009 2773 1116 2849 tuisse
1138 2771 1367 2847 honorificum
1389 2771 1477 2847 illud
1501 2795 1652 2849 munus:
1685 2797 1755 2870 quo
1801 2815 1804 2818 ·

178 2881 181 2884 ’
236 2917 472 2994 magnacum
502 2891 677 2991 voluptate
704 2917 761 2967 me
782 2894 944 2970 functum
968 2919 1043 2969 esse
1064 2900 1163 2993 grato
1189 2891 1308 2968 animo
1330 2892 1504 2968 testificor.
1546 2892 1616 2966 Sed
1642 2891 1754 2980 subit,

233 3015 298 3088 hac
322 3013 398 3112 ipsa
420 3011 522 3100 hora,
543 3011 741 3087 tristissima
760 3012 855 3089 illius
879 3015 949 3090 diei
970 3014 1107 3114 imago,
1135 3038 1224 3113 quo,
1247 3019 1328 3087 ante
1349 3011 1548 3111 quindecim
1565 3011 1629 3086 hos
1646 3037 1755 3087 annos

235 3133 280 3207 de
303 3132 515 3232 Magistratn
536 3132 730 3211 academico
756 3134 957 3225 decedenti,
983 3134 1188 3234 parentandi
1209 3131 1298 3208 mihi
1323 3138 1422 3207 erant
1446 3131 1620 3208 triumviri
1639 3131 1754 3206 claris·

234 3255 333 3342 simi,
370 3253 551 3353 splendida
583 3254 793 3330 Academiae
821 3265 957 3330 nostrae
977 3255 1110 3331 lumina
1134 3263 1170 3330 et
1190 3259 1410 3341 ornamenta,
1439 3251 1754 3338 ansn1ns,Hn·

236 3398 372 3464 arnus,
421 3383 593 3474 tuusque,
634 3374 821 3450 clarissime
860 3377 1124 3458 Sunnnannni'
1148 3373 1461 3448 desideratissimus
1507 3373 1754 3459 Ansxarrnsa,

233 3495 336 3570 filius.
389 3497 506 3574 Quem
535 3496 629 3569 diem
658 3519 738 3570 cum
769 3504 907 3595 repeto,
933 3494 1135 3594 gravissimo
1161 3519 1255 3568 nunc
1280 3477 1666 3591 qnoque'commoveor
1691 3490 1750 3563 dc·

234 3614 324 3700 lore,
356 3613 460 3686 simui
486 3636 565 3686 vero
590 3611 696 3702 etism
717 3638 858 3688 summo
879 3614 1007 3689 afficior
1027 3612 1174 3712 gaudio,
1209 3613 1305 3709 quod
1326 3611 1392 3686 sub
1413 3612 1520 3686 altero
1542 3609 1753 3708 Magistratu

211 3741 314 3815 ‚meo'
343 3756 363 3805 e
394 3732 630 3807 Professorum
666 3732 789 3807 ordine
818 3733 862 3807 de
888 3731 1058 3831 praesidio
1083 3739 1119 3805 et
1144 3729 1291 3806 statione
1317 3730 1406 3806 vitae
1429 3728 1612 3805 decesserit
1637 3753 1750 3804 nemo.

235 3853 337 3930 Quae
370 3851 479 3951 igitur
504 3860 583 3926 tum
605 3852 692 3926 mihi
717 3851 830 3926 defuit
845 3851 1001 3940 occasio,
1031 3859 1165 3950 praeter
1188 3851 1339 3925 fatorum
1361 3849 1636 3950 academicorum
1658 3873 1751 3950 com·

235 3971 537 4060 memorationem,
563 3996 628 4070 pro
649 3995 745 4046 more
768 3978 926 4070 recepto,
952 3972 996 4046 de
1013 3968 1215 4070 gravissimo
1235 3972 1351 4071 aliquo
1367 3975 1573 4070 argumento
1594 3969 1750 4058 dicendi,

235 4090 319 4166 haec
343 4092 413 4165 iam
438 4090 525 4165 mihi
548 4091 629 4164 data
653 4097 716 4166 est.
768 4093 886 4170 Quam
909 4091 1121 4166 occasionem
1145 4117 1186 4167 eo
1210 4092 1346 4166 avidius
1372 4089 1516 4191 arripio,
1544 4114 1614 4187 quo
1640 4090 1751 4188 magis
1891 4085 1898 4095 ’

158 4216 162 4222 ’
235 4218 308 4284 toto
329 4212 445 4286 animo
464 4211 563 4285 doleo
585 4209 841 4301 tristissimam,
862 4213 989 4311 inqua
1008 4196 1044 4285 et
1067 4211 1263 4287 Christiana
1287 4211 1461 4298 Societas,
1483 4209 1518 4284 et
1545 4233 1623 4283 vero
1644 4210 1749 4284 etiam

235 4328 388 4402 Ecclesia
414 4328 598 4403 reformata
621 4335 738 4403 nostra
760 4338 935 4420 versatur,
966 4330 1208 4406 conditionem.
1252 4331 1325 4405 Ubi
1347 4337 1400 4406 est
1429 4329 1522 4404 enim
1548 4327 1750 4403 suavissima

234 4448 294 4523 illa
324 4448 498 4537 Societas,
536 4474 626 4548 qnae
660 4449 858 4524 conditoris
894 4448 950 4523 sui
977 4447 1147 4524 referebat
1175 4448 1350 4548 indolem,
1386 4448 1435 4522 ita
1458 4454 1498 4522 ut
1521 4447 1564 4521 de
1586 4446 1644 4520 ilia
1670 4471 1748 4521 vere

234 4567 424 4666 praedicari
447 4578 581 4667 posset:
619 4579 686 4646 τοῦ
712 4568 756 4646 δὲ
785 4571 956 4663 πλήθους
979 4577 1056 4647 τῶν
1079 4571 1364 4646 πιστευσάντων
1390 4561 1436 4660 ἢν
1459 4572 1481 4659 ἡ
1506 4564 1652 4667 καρδία
1677 4571 1749 4643 καὶ

234 4693 256 4776 ἡ
282 4693 390 4784 ψυχὴ
408 4691 484 4784 μία
499 4692 550 4781 ¹);
586 4690 629 4764 In
652 4700 738 4789 quot
760 4698 875 4790 partes
899 4690 1050 4766 divisum
1072 4699 1126 4765 est
1146 4697 1181 4767 et
1194 4689 1419 4766 dilaceratum
1438 4713 1550 4765 unum
1571 4689 1749 4776 Camers,

236 4807 389 4883 omnium
423 4809 679 4886 Conservatoris
711 4837 751 4889 aa
781 4809 940 4902 Domini,
968 4812 1156 4910 corpus2)!
1186 4829 1333 4909 quarum
1357 4811 1463 4888 altera
1478 4809 1580 4888 ,elteri
1598 4809 1749 4898 invidet,
1788 4835 1791 4840 ¹
