4892 6184
847 699 974 765 can
999 700 1062 787 vv
1085 698 1125 765 o.
1692 692 1757 761 soe

288 906 361 984 Vos
385 914 503 985 οιιιοοι
525 906 610 983 dum
639 904 815 1005 alloquar,
839 907 1116 985 adolescentulus
1142 930 1262 983 nmsus
1285 902 1371 979 ιιιὶιὶ
1394 902 1527 991 videor,
1553 900 1757 1000 amplissimi

241 1026 327 1117 viri,
341 1028 515 1103 Hannon
534 1026 721 1113 Jonouns,
750 1025 850 1103 ornus
862 1033 1043 1116 strenuae,
1063 1035 1101 1102 et
1125 1024 1337 1112 indefessae,
1352 1033 1399 1109 ¹ct
1422 1047 1500 1097 vere
1525 1022 1613 1097 virili
1633 1019 1757 1097 rationi

191 1206 204 1227 .
241 1148 331 1223 vitae
363 1147 435 1223 fere
465 1146 612 1221 dixerim
641 1145 798 1235 invideo,
825 1155 861 1221 et
886 1138 946 1239 tu,
980 1146 1081 1221 ouius
1113 1145 1258 1223 viridem
1288 1150 1502 1219 senectutem
1530 1141 1621 1219 soleo
1646 1140 1755 1215 admi·

240 1267 326 1354 rnri,
359 1264 620 1341 honoratissime
650 1287 724 1339 vsu
750 1266 916 1365 Dnuocrv.
973 1266 1068 1357 Quos
1095 1264 1283 1364 respiciens
1312 1270 1348 1338 et
1370 1263 1569 1362 praedicans
1592 1260 1764 1360 paucissi·¹
1811 1338 1816 1345 ,

210 1471 213 1475 ,
240 1386 308 1460 mis
331 1392 449 1461 tamen
470 1383 657 1461 absolvam.
706 1384 818 1461 Alteri
842 1384 936 1460 enim
958 1382 1111 1459 v'estrum
1133 1384 1241 1483 probe
1269 1384 1356 1479 scio,
1380 1407 1450 1458 non
1474 1381 1576 1457 verba
1599 1392 1634 1454 ct
1659 1406 1757 1457 voces

240 1504 352 1603 magis
378 1504 534 1604 placere,
559 1528 665 1601 quarn
692 1528 762 1603 quo
783 1504 874 1579 lacto
895 1528 986 1603 opus
1006 1513 1083 1592 est,
1107 1513 1144 1579 et
1165 1511 1205 1579 tu
1230 1503 1421 1579 venerande
1447 1526 1551 1585 sanes
1571 1500 1673 1577 nobis
1692 1501 1756 1577 sal·

241 1633 312 1697 tem
333 1622 468 1697 cunctis
488 1621 588 1709 avide
610 1630 645 1697 te
669 1623 892 1728 audientibus
914 1647 1038 1723 parum
1062 1623 1182 1712 abest,
1207 1622 1294 1721 quin
1317 1622 1465 1699 nimium
1489 1645 1620 1697 memor
1644 1620 1756 1696 videa·

239 1742 288 1817 ris
310 1741 404 1817 illius
432 1766 475 1815 ex
499 1741 729 1817 remotissima
753 1743 961 1843 antiquitate
985 1742 1177 1842 praecepti,
1201 1743 1296 1841 quod
1320 1742 1491 1842 loquelam
1514 1727 1594 1817 cum
1616 1749 1758 1842 argento

240 1862 436 1961 componit,
470 1862 532 1937 sed
563 1886 649 1937 auro
675 1868 799 1937 contra·
823 1887 943 1937 earum
978 1862 1082 1951 dicit,
1115 1862 1178 1960 qui
1203 1870 1315 1939 teocre
1348 1861 1444 1937 sciat.
1495 1862 1570 1937 lam
1594 1862 1695 1935 liceat
1721 1869 1760 1935 ut

239 2004 318 2053 mea
339 1980 412 2055 vice
431 1987 467 2055 te
488 1980 601 2056 verbis
623 1988 659 2056 et
680 1981 838 2059 Hounnr
861 1988 897 2056 et
918 1982 989 2058 tuis
1010 1982 1220 2081 compellans
1243 2005 1433 2057 memorem
1456 1980 1579 2055 faciam
1597 1980 1672 2055 eius
1691 1990 1760 2057 τοῦ

239 2102 312 2175 καὶ
335 2099 412 2175 ἀπὸ
434 2101 606 2200 γλώσσης
628 2102 787 2197 μέλιτος
809 2104 979 2204 γλυκίων
1001 2104 1085 2201 ῥέον
1107 2100 1235 2194 αὐδῆς
1269 2103 1467 2201 continget,
1493 2109 1533 2175 ιιι
1557 2110 1592 2177 ιο
1622 2124 1760 2200 quoque

239 2243 302 2316 per
324 2227 396 2295 tres
422 2221 603 2295 hominum
624 2228 762 2298 aetates·
777 2223 871 2298 salvo
894 2230 930 2297 et
952 2221 1138 2322 superstite
1161 2222 1339 2299 laetemru.
1388 2222 1461 2296 Vos
1486 2220 1573 2300 mihi
1596 2228 1759 2319 uterque,

240 2338 327 2413 dum
350 2338 486 2413 oderim
512 2341 618 2431 vires,
651 2341 738 2416 dum
761 2342 827 2417 erit
849 2342 1026 2419 nudanda
1050 2340 1230 2430 voluntas,
1254 2340 1386 2429 favere,
1419 2346 1459 2415 ut
1482 2339 1613 2428 facitis,
1638 2365 1762 2439 meque

240 2456 403 2532 adiuvare
435 2459 558 2533 velitis.
948 2536 951 2540 ,
1036 2446 1041 2451 ’
1191 2524 1194 2529 .

274 2573 562 2677 'Disciplinarum
583 2586 834 2668 antecessores,
858 2580 1009 2679 collegae
1031 2580 1102 2655 iam
1123 2576 1414 2664 coniunctissimi!
1441 2577 1595 2653 Ultimus
1615 2578 1652 2653 in
1669 2579 1760 2655 ordi·
1878 2668 1885 2674 g

240 2719 324 2771 nem
357 2679 530 2787 vestrum,
566 2706 679 2775 aetate
713 2700 819 2777 etiam
851 2699 923 2775 fere
946 2699 1111 2776 minimus
1135 2698 1205 2773 huc
1229 2697 1375 2787 accessi,
1401 2696 1462 2771 scd
1487 2698 1524 2771 in
1546 2706 1658 2775 vestra
1679 2724 1760 2775 con·

239 2816 417 2892 iunctione
452 2826 488 2893 et
519 2820 664 2909 aetatis,
698 2827 735 2896 et
766 2818 982 2909 studiorum,
1016 2828 1053 2895 et
1077 2819 1237 2897 omnium
1266 2842 1356 2919 quae
1383 2818 1620 2895 benevolentia
1644 2821 1762 2895 tollere

242 2942 359 3032 potest
389 2936 573 3029 discmmen
605 2940 764 3027 evanuit,
800 2946 835 3013 et
866 2945 943 3014 tum
972 2940 1116 3015 demum
1137 2964 1212 3015 sese
1235 2938 1408 3025 ostendit,
1440 2962 1537 3012 cum.
1554 2939 1646 3013 varia
1681 2940 1761 3014 doc-

241 3054 332 3129 triua
365 3063 402 3129 et
434 3056 617 3156 multiplici
650 3058 844 3134 eruditione
870 3083 940 3133 nou
969 3060 1098 3133 erranti
1126 3059 1231 3132 ιοοάο
1258 3058 1401 3133 comiter
1427 3058 1625 3133 monstratis
1652 3058 1762 3148 viam,

242 3172 305 3246 sed
329 3196 434 3249 novas
457 3174 561 3249 etiam
586 3176 658 3251 vias
677 3176 859 3253 ostenditis
883 3185 919 3252 et
941 3202 982 3253 ea
1004 3175 1117 3252 facitis
1143 3177 1268 3275 plana,
1294 3202 1384 3276 quae
1405 3178 1480 3253 sine
1500 3178 1628 3253 auxilio
1651 3186 1764 3255 vestro

240 3316 370 3391 rugosa
392 3293 541 3369 luissent
565 3302 602 3369 et
623 3296 728 3373 invia.
779 3297 886 3375 Quod
907 3297 946 3371 ni
968 3298 1020 3371 ita
1045 3305 1138 3371 esset
1167 3304 1208 3371 ut
1230 3298 1361 3383 sentio,
1385 3322 1426 3370 ea
1451 3320 1566 3371 coram
1592 3304 1626 3369 te
1650 3296 1763 3371 dicere

95 3444 99 3450 ·
242 3434 313 3485 οοιι
335 3410 565 3500 sustinerem,
589 3414 764 3489 carissime
787 3436 862 3487 vav
883 3436 959 3488 nun
985 3401 1203 3501 Wmcvaau,
1227 3414 1290 3511 qui
1313 3414 1429 3489 fucata
1449 3415 1590 3513 quaevis
1609 3422 1645 3489 et
1663 3416 1781 3505 odiel·-

189 3634 195 3648 ο
243 3534 353 3603 teratu
374 3528 499 3617 odisti,
524 3554 630 3629 quem
653 3532 690 3605 io
714 3532 790 3607 dies
814 3532 927 3631 magis
950 3532 1076 3631 diligo,
1102 3546 1137 3607 οι
1160 3536 1367 3631 quocum-si
1390 3536 1586 3625 consentio,
1611 3536 1763 3613 multum

244 3648 315 3723 iem
348 3647 532 3765 proiecisse
561 3650 649 3724 mihi
677 3652 826 3740 videor3·
846 3652 910 3727 hoo
941 3652 1034 3728 enim
1065 3652 1224 3752 quotidie
1246 3655 1360 3753 magis
1382 3654 1558 3754 intelligo,
1589 3665 1761 3754 quantum

243 3766 384 3866 ingenio
415 3766 528 3843 valeas
557 3777 593 3843 et
615 3770 801 3869 tranquillo
824 3772 972 3870 utilique
996 3774 1087 3848 vitae
1112 3778 1193 3847 tuae
1220 3798 1344 3862 cursu,
1368 3797 1481 3874 neque
1503 3776 1620 3851 omnia
1640 3776 1763 3877 opinor

131 3914 143 3931 ·
244 3887 476 3987 perspecturi·
490 3912 613 3965 sumus
647 3898 684 3966 et
717 3878 872 3981 οοιιοιίοἰ,
908 3893 1048 3992 qualem
1073 3900 1109 3969 te
1137 3892 1344 3984 habeamus,
1376 3894 1445 3971 nisi
1469 3916 1550 3970 cum
1566 3895 1761 4017 ¹aliquando
1908 3944 1910 3949 ·

246 4016 284 4082 te
306 4007 494 4082 carendum
517 4008 592 4084 erit.

296 4125 392 4215 Nos,
414 4127 546 4226 optime
568 4150 643 4203 vsu
665 4128 839 4220 Vvonnu,
864 4156 905 4207 eo
924 4132 1053 4233 oppido
1077 4157 1253 4224 commus,
1287 4136 1382 4235 quod
1405 4134 1491 4211 mihi
1517 4135 1638 4210 satem
1659 4138 1760 4233 quasi

215 4238 220 4245 ’
244 4244 353 4331 altera
373 4246 484 4344 patria
500 4246 589 4337 fuit,
612 4247 704 4352 etin
726 4250 826 4325 cuius
843 4251 1020 4329 &noticiis
1040 4279 1174 4355 semper
1193 4256 1350 4331 recensui
1368 4255 1463 4354 quod
1479 4254 1625 4329 retinere
1641 4254 1759 4346 licuit,
1826 4318 1828 4323 .

249 4373 289 4438 nt
315 4373 350 4440 te
373 4368 592 4463 cognoverim
613 4377 744 4469 tuaque
765 4358 881 4447 uterer
904 4373 1167 4451 consuetudine.
1216 4376 1272 4451 Tu
1292 4374 1379 4451 mihi
1401 4372 1633 4473 inposterum
1655 4376 1760 4451 etium

248 4506 362 4571 serva,
400 4509 507 4582 quam
541 4490 695 4565 ostendis
731 4489 1025 4582 benevolentiam,
1060 4492 1131 4569 frui
1160 4518 1303 4595 pergem
1337 4494 1469 4595 ingenii
1502 4494 1661 4569 acumine
1690 4520 1760 4594 quo

247 4602 431 4700 splendes,
456 4613 497 4693 ‚et
526 4607 586 4685 illa
614 4610 881 4710 multiplicitas
907 4621 943 4687 et
966 4613 1118 4713 eleganti
1137 4614 1331 4691 eruditione
1358 4640 1447 4713 quae
1472 4612 1579 4714 pmhe
1607 4606 1702 4689 tenet
1716 4624 1760 4709 et

245 4720 455 4802 iamdudum
483 4728 638 4805 exercuit
666 4730 893 4809 Hnsroocun
916 4732 1023 4821 illud,
1055 4736 1221 4833 γείτονες
1244 4734 1414 4828 ἄζωστοι
1437 4736 1558 4826 ἔκιον,
1584 4738 1760 4827 ζώσαντο
1833 4738 1840 4749 ’

243 4839 293 4927 ,δὲ
316 4847 417 4934 πηοί.
