4892 6184
675 680 740 744 m
1218 678 1253 745 C.
1286 677 1424 744 sunu
1457 677 1643 744 numan

672 911 786 973 marn,
819 892 943 960 natura
974 881 1233 970 asubstantia,
1264 907 1354 981 qnae
1379 890 1434 956 est
1453 881 1624 970 conditio,
1653 885 1768 986 slatus
1789 880 1829 954 in
1852 905 1925 980 quo
1947 884 2088 984 singula
2113 909 2191 961 rer·

672 1011 803 1080 santur.
853 1005 989 1076 Natura
1020 1025 1099 1076 vero
1131 1009 1185 1076 cst
1218 1003 1270 1076 vis
1298 1002 1403 1078 insita
1426 1002 1597 1076 universis
1624 1025 1715 1100 quac
1743 1001 1897 1076 animata
1920 1012 2014 1078 sunt
2063 1006 2193 1104 Itaque

671 1131 796 1198 natura
817 1131 927 1195 terrae
950 1128 1004 1195 est
1026 1129 1065 1194 ut
1087 1119 1213 1194 herbas
1232 1121 1402 1219 proferat,
1425 1121 1518 1220 ignis
1546 1128 1588 1196 ut
1613 1120 1743 1196 ardeat.
1792 1120 2191 1200 audendum-naturam

672 1265 746 1316 csse
777 1240 926 1314 hominis
954 1247 994 1313 nt
1020 1239 1125 1314 insita
1147 1240 1197 1314 vis
1222 1240 1378 1316 doctriua
1398 1250 1561 1340 rectoque
1586 1240 1686 1316 cultu
1707 1235 1961 1339 promoveatur.
2011 1243 2109 1332 Quae
2136 1244 2192 1316 ris

672 1360 762 1434 siin
784 1383 822 1434 se
843 1359 992 1458 perlecta
1013 1366 1118 1456 atque
1145 1359 1190 1434 ad
1216 1384 1394 1436 summum
1424 1360 1591 1458 perducta
1618 1360 1664 1434 sit
1687 1366 1762 1433 turn
1791 1360 1935 1434 domum
1963 1360 2009 1434 ab
2030 1362 2190 1436 dataro·

671 1503 764 1556 rann
794 1487 919 1554 notura
952 1477 1088 1554 dicitur.
1146 1479 1286 1578 Duplex
1307 1479 1363 1554 hic
1388 1503 1510 1554 sensus
1531 1485 1691 1554 accurate
1718 1478 1921 1554 retinendus
1945 1479 2190 1556 iureconsultis

671 1607 734 1676 est.
770 1600 962 1698 Disciplina
982 1599 1093 1686 enirn,
1116 1623 1205 1696 quae
1225 1600 1261 1672 iu
1283 1599 1370 1673 iuris
1386 1608 1512 1674 natura
1530 1598 1740 1674 illustranda
1756 1605 1931 1688 versatur,
1954 1609 2189 1700 perpetuore·

672 1719 801 1818 spicere
821 1717 944 1806 debet,
973 1745 993 1793 a
1020 1745 1090 1816 quo
1110 1718 1205 1796 tonte
1225 1727 1262 1794 et
1283 1719 1580 1817 quemadmodum
1605 1719 1701 1805 iura,
1727 1717 1857 1814 quibus
1883 1720 2005 1816 populi
2028 1721 2085 1794 usi
2106 1729 2192 1794 sunt

671 1845 777 1936 atque
798 1837 912 1912 adhuc
936 1845 1102 1925 utuntur,
1128 1837 1201 1912 sint
1222 1846 1298 1912 orta
1308 1871 1319 1926 ;
1340 1837 1518 1912 attendere
1538 1836 1644 1912 debet
1667 1835 1714 1910 ad
1734 1860 1855 1910 eorum
1875 1861 2016 1912 cursum
2036 1863 2191 1938 cumque

671 1966 745 2033 tota
767 1957 976 2056 populorum
1001 1957 1071 2031 vita
1093 1957 1363 2032 cohaerentiam:
1396 1964 1475 2030 tum
1496 1981 1577 2031 vero
1595 1957 1641 2031 ad
1661 1955 1805 2055 perlecti
1825 1956 1911 2030 iuris
1931 1957 2189 2034 institutorum·

673 2101 742 2176 que
773 2075 950 2150 socialium
984 2076 1131 2176 speciem
1165 2075 1346 2175 adquam
1377 2076 1549 2175 exigenda
1579 2075 1651 2149 sint
1681 2075 1939 2174 prudenterque
1968 2077 2187 2152 emendanda

670 2197 746 2270 iura
775 2201 811 2268 et
841 2195 1002 2268 instituta
1033 2193 1164 2292 quibus
1191 2203 1315 2294 gentes
1345 2203 1504 2270 utuntur.
1552 2195 1677 2292 quue
1706 2195 1819 2294 magis
1848 2194 1998 2269 hominis
2026 2205 2189 2272 naturam

669 2314 775 2389 horno
796 2313 922 2388 referre
944 2315 1066 2388 merito
1089 2323 1274 2403 censetur,
1298 2340 1369 2414 quo
1393 2315 1506 2415 magis
1529 2314 1646 2390 animo
1667 2321 1773 2412 atque
1793 2313 1950 2412 exemplo
1975 2314 2045 2388 Dei
2064 2315 2189 2415 imagi·

668 2457 772 2521 nem,
796 2457 901 2532 qnam
932 2433 1025 2506 solus
1055 2435 1163 2508 Insns
1196 2433 1383 2508 Onarsnns
1405 2433 1507 2532 plene
1529 2432 1719 2531 expressit,
1742 2431 1876 2507 referat.
1928 2434 2055 2531 Itaque
2089 2435 2190 2511 sico

668 2554 772 2628 modo
801 2553 885 2628 heco
916 2551 1020 2628 verba
1049 2553 1235 2652 capiuntur
1263 2577 1341 2627 vere
1366 2553 1492 2652 pieque
1517 2551 1606 2626 hanc
1632 2550 1841 2626 sententiam
1861 2551 1986 2625 iterare
2007 2552 2186 2629 videmur:

667 2673 806 2748 Natura
839 2677 928 2748 iuris
965 2673 1167 2770 explicanda
1200 2674 1295 2747 nobis
1324 2679 1377 2746 est
1419 2698 1526 2772 eoque
1565 2673 1609 2746 ab
1644 2670 1792 2745 hominia
1826 2677 1953 2744 muru
1989 2677 2185 2770 repetendo.

666 2791 713 2864 Et
737 2792 821 2867 haec
844 2817 947 2867 causa
969 2799 1024 2866 est
1046 2815 1107 2866 cur
1130 2791 1322 2866 doctrinam
1345 2791 1390 2865 de
1409 2815 1479 2889 qua
1504 2791 1641 2891 agimus
1663 2789 1781 2889 potius
1801 2798 1946 2864 naturae
1971 2790 2056 2866 iuris
2074 2817 2185 2892 quarn

664 2910 749 2985 iuris
781 2911 948 2987 naturalis
979 2913 1118 2986 nomine
1149 2909 1394 3009 significemus.
1448 2909 1518 2983 Sed
1547 2907 1749 2983 aliaetiarn
1777 2905 1945 2981 hocloco
1972 2931 2184 2985 commemo·

663 3027 780 3102 rande.
831 3027 969 3102 Nomen
1004 3027 1097 3104 enirn
1131 3028 1218 3102 illud
1254 3027 1372 3126 ipsum
1402 3030 1457 3102 ica
1488 3028 1646 3101 naturale
1685 3049 1849 3124 magnam
1880 3049 2019 3125 semper
2046 3030 2180 3127 peperit

662 3145 866 3245 opinionum
903 3147 1205 3223 conturbationem
1244 3155 1350 3245 atque
1385 3145 1623 3221 confusionem
1658 3169 1747 3244 quae
1780 3144 1943 3222 scientiae
1976 3148 2186 3225 excolendae

661 3265 813 3342 multum
835 3268 964 3343 nocuit.
1028 3267 1133 3358 Quod
1158 3291 1260 3342 nemo
1285 3265 1541 3342 iureconsultus
1564 3265 1697 3339 inficias
1718 3262 1800 3352 ibit,
1832 3265 1889 3339 cui
1912 3273 2036 3365 sponte
2056 3267 2181 3367 triplex

659 3385 726 3462 ista
759 3387 797 3462 in
827 3395 980 3462 mentem
1017 3387 1110 3462 venit
1139 3387 1226 3462 iuris
1254 3386 1406 3461 Romani
1434 3385 1630 3474 distinctio,
1662 3409 1748 3459 cmx
1777 3384 1844 3460 ista
1872 3384 2026 3460 tironum
2053 3386 2181 3483 pariter

658 3513 762 3605 atque
787 3507 1099 3581 eruditissimorum
1121 3506 1208 3581 adeo
1236 3506 1485 3605 interpretum,
1518 3505 1649 3604 quippo
1671 3505 1764 3578 inter
1786 3529 1875 3602 quos
1900 3528 1945 3578 ne
1970 3504 2073 3579 hodie
2102 3506 2182 3604 qui·

658 3621 738 3698 dem
775 3623 820 3696 de
855 3647 935 3698 vera
970 3622 1045 3697 eius
1079 3623 1331 3722 significatione
1364 3632 1498 3699 constet
1510 3655 1521 3712 ;
1555 3623 1720 3722 quodque
1750 3623 1926 3698 nemiuem
1951 3623 2084 3722 fugiet,
2118 3626 2180 3724 qui

656 3741 834 3816 historiam
857 3740 1059 3841 disciplinae
1084 3743 1130 3818 ad
1153 3751 1272 3818 nostra
1294 3767 1405 3842 usqne
1427 3751 1586 3842 tempora
1609 3743 1656 3817 sit
1678 3753 1890 3842 persecutus.
1942 3744 2038 3816 Inter
2059 3744 2178 3818 Eccle-

538 3867 552 3884 ”
656 3859 726 3933 siaa
756 3865 871 3958 patres
901 3869 983 3934 ante
1012 3885 1133 3936 omnes
1158 3864 1405 3938 Anausnrunur
1430 3861 1486 3938 hic
1507 3886 1692 3961 nuncupo,
1723 3887 1746 3936 e
1774 3862 1985 3937 scholasticis
2010 3863 2176 3937 Tuom

656 3978 901 4066 heumannus,
927 3977 1053 4054 deinde
1079 3978 1251 4078 principes
1275 4002 1333 4053 eos
1358 3976 1448 4052 viros
1476 3979 1537 4077 qui
1560 3977 1735 4077 religionis
1758 3978 1974 4054 Christianae
1999 3979 2175 4055 sincerita-

653 4103 724 4171 tem
746 4121 904 4172 revocare
930 4098 1163 4187 studuerunt,
1194 4106 1314 4197 posteo
1346 4097 1814 4187 Hoaausrnrr,Sa1noanrr,
1844 4099 2037 4186 locurum,
2062 4098 2174 4174 Wun-

656 4239 764 4305 rrnn,
801 4217 1038 4293 Rossavrnrr:
1073 4217 1222 4316 denique
1251 4218 1414 4318 eosqui,
1449 4217 1554 4293 rnodo
1586 4226 1720 4292 retento
1749 4218 1935 4306 vocabulo,
1970 4218 2074 4292 modo
2107 4219 2177 4294 alio

653 4335 832 4426 adhibito,
856 4337 931 4412 iure
955 4337 1105 4412 naturali
1125 4361 1194 4412 nou
1214 4338 1302 4414 illud
1324 4338 1379 4411 ins
1401 4335 1737 4434 comprehenderunt
1757 4337 1854 4436 quod
1872 4363 1895 4412 a
1914 4346 2040 4412 natm
2061 4338 2173 4413 homi-

653 4455 708 4530 nis
734 4455 960 4532 derivandum
984 4456 1050 4547 sit,
1075 4455 1236 4556 quamvis
1260 4479 1381 4531 omnes
1402 4455 1467 4530 hoo
1490 4454 1558 4529 sihi
1580 4456 1789 4545 sumserint,
1822 4457 1884 4532 sed
1907 4483 1928 4532 a
1953 4456 2086 4532 ratione
2105 4457 2172 4532 hu·

652 4596 774 4664 mana,
799 4575 911 4674 qualis
932 4567 1009 4652 'sese
1033 4577 1070 4652 in
1095 4574 1258 4652 omnibus
1278 4575 1421 4650 omnino
1443 4574 1642 4650 hominibus
1661 4576 1794 4652 ratione
1810 4600 1880 4652 non
1898 4574 2042 4650 omniuo
2065 4576 2171 4652 desti-

652 4693 755 4784 tutis,
778 4703 812 4768 et
834 4695 983 4796 singulis
1002 4697 1156 4796 populis,
1180 4703 1216 4770 et
1237 4701 1363 4770 cuncto
1387 4718 1512 4794 genera
1530 4695 1684 4772 humano
1707 4695 1883 4796 aequabili
1901 4694 2006 4771 modo
2024 4695 2173 4794 prodero

652 4811 868 4892 censebatur.
918 4815 988 4890 His
1011 4815 1141 4916 igitur,
1177 4814 1256 4890 uiua
1281 4814 1437 4890 naturale
1467 4814 1561 4904 illud
1575 4801 1653 4892 ‘arat
1677 4817 1734 4892 ius
1758 4815 1854 4916 quod
1876 4815 1948 4891 aive
1970 4815 2008 4889 in
2030 4815 2173 4892 civitate
