4892 6184
719 695 762 760 rs
1155 689 1189 755 n.
1222 689 1264 758 o.
1298 682 1806 778 na1ncaa0arn10.
1904 708 1910 720 ·

718 925 800 976 nam
835 899 977 976 omnino
1011 896 1201 974 medicinae
1258 896 1520 998 chirurgiaeque
1552 895 1720 997 practicae
1763 893 1996 970 conditionem
2024 892 2070 968 ab
2101 894 2242 972 institu-

718 1023 813 1098 tione
851 1020 991 1109 clinica,
1024 1024 1115 1094 recte
1152 1019 1348 1111 moderata,
1386 1021 1536 1120 pendere
1572 1019 1786 1094 confidenter
1822 1017 1968 1093 affirmo.
2030 1017 2172 1094 Etenim
2203 1019 2241 1094 in

718 1144 784 1218 hec
816 1141 916 1240 quasi
949 1138 1084 1214 officina
1116 1139 1278 1214 materies
1310 1146 1454 1238 paratur
1487 1145 1523 1214 et
1557 1137 1776 1238 congeritur,
1812 1137 1908 1212 unda
1933 1137 2104 1238 practicae
2131 1139 2241 1214 medi·

718 1263 814 1336 cinae
857 1267 893 1334 et
932 1257 1125 1357 chirurgica
1170 1258 1368 1335 aedificium
1407 1263 1625 1346 exstruatur3
1667 1257 1705 1332 in
1745 1257 1876 1333 cliniois
1916 1257 1999 1332 artis
2039 1266 2241 1358 praecepta,

718 1387 878 1458 accurato
906 1377 1057 1454 examini
1093 1371 1266 1469 subiecta,
1299 1378 1446 1479 singulis
1474 1377 1614 1454 casibus
1649 1377 1808 1476 relign'osa
1841 1375 2051 1452 adhibentur
2075 1385 2112 1452 et
2135 1377 2241 1477 adop·

718 1509 839 1578 tantur
845 1535 855 1590 ;
895 1503 931 1574 in
964 1499 1095 1574 clinicis
1126 1498 1246 1574 futuro
1275 1499 1410 1574 medico
1440 1496 1572 1574 occasio
1606 1505 1660 1573 est
1700 1496 1816 1572 oblata
1849 1495 2038 1573 laborantia
2072 1496 2242 1572 conditio·

716 1647 799 1697 nem
844 1627 1002 1698 accurata
1047 1645 1088 1694 ea
1130 1643 1213 1694 cura
1252 1617 1479 1706 observandi,
1523 1641 1595 1716 qua
1637 1641 1726 1718 opus
1766 1623 1821 1692 est
1858 1616 1904 1690 ad
1945 1616 2108 1706 morbum
2148 1616 2238 1692 benc

718 1741 1014 1841 dignoscendum
1049 1740 1086 1814 in
1118 1739 1249 1814 clinicia
1280 1738 1507 1838 complurium
1542 1736 1633 1810 inter
1663 1761 1701 1811 se
1732 1735 2042 1834 comparandorum
2074 1759 2240 1826 manum,

719 1885 886 1938 novorum
911 1860 1160 1947 remediorum,
1181 1885 1271 1958 quae
1296 1883 1351 1933 ara
1375 1857 1628 1957 suppeditavit,
1655 1856 1939 1956 experiundarum
1950 1857 1991 1930 fit
2005 1863 2177 1956 potestaa3
2203 1858 2240 1930 in

719 1982 869 2070 cimicis,
895 1980 989 2080 quod
1011 1981 1069 2054 vix
1096 1979 1239 2054 minoris
1263 1987 1318 2054 eat
1341 1977 1526 2065 momenti,
1557 1983 1808 2077 postmortem
1836 1976 1873 2050 in
1902 1963 2015 2050 morbi
2039 2001 2180 2055 causam
2204 1987 2240 2052 et

721 2099 838 2174 sedem
883 2100 962 2176 licet
1011 2099 1194 2197 inquirere.
1257 2098 1390 2172 Clinica
1433 2097 1542 2197 igitur
1577 2097 1750 2172 institutio
1781 2095 1995 2170 medicorum
2034 2105 2074 2170 ut
2110 2099 2242 2196 optimo

720 2220 903 2318 magistra,
929 2219 978 2295 ito
998 2219 1081 2292 artis
1103 2226 1240 2292 nostrae
1264 2223 1318 2291 est
1342 2217 1459 2290 nutrix
1483 2223 1519 2291 et
1545 2218 1787 2292 conservatrix.

767 2337 891 2419 Finem
923 2337 1068 2412 orationi
1099 2337 1327 2436 impositurus
1358 2337 1474 2412 sauata
1508 2361 1668 2436 quaeque
1705 2337 1773 2412 arti
1796 2336 2017 2425 salutiferae,
2051 2337 2109 2412 cui
2137 2337 2243 2412 vitam

720 2456 848 2547 dicavi,
873 2481 1045 2556 apprecor.
1077 2457 1179 2532 Parit
1202 2457 1301 2532 Deus
1319 2458 1481 2557 optimus.
1495 2458 1685 2546 maximus,
1706 2464 1747 2532 ut
1769 2481 1857 2532 nova
1881 2457 1937 2532 via
1958 2465 2059 2532 cauta
2082 2460 2244 2558 progredi

720 2585 890 2652 nostrates
910 2584 1077 2676 pergant,
1107 2585 1291 2653 uteorum
1315 2577 1520 2678 sagacitate,
1553 2576 1725 2653 indefessa
1744 2577 1923 2676 vigilantia
1946 2585 1982 2652 et
2004 2577 2175 2653 industria
2196 2579 2243 2652 ad

720 2696 966 2795 perfectionem
988 2697 1025 2775 in
1054 2696 1128 2771 dies
1155 2695 1329 2798 chirurgia
1350 2698 1492 2798 propius
1519 2697 1669 2773 accedat.
1720 2699 1899 2798 Integram
1926 2705 2003 2772 tum
2027 2699 2242 2774 servabimus

722 2824 757 2890 et
788 2816 995 2916 augebimus
1026 2817 1191 2916 gloriam,
1227 2819 1398 2892 anostria
1420 2818 1609 2894 maioribus
1638 2819 1675 2892 in
1700 2817 1765 2892 hac
1790 2842 1929 2916 quoque
1961 2828 2034 2893 arte
2060 2825 2238 2918 paratam3

606 2996 610 3004 .
720 2935 868 3036 insignis
898 2944 976 3012 tum
1005 2939 1101 3014 locus
1128 2937 1365 3014 Neerlandicis
1394 2939 1566 3038 chirurgia
1598 2939 1696 3015 iuxta
1726 2940 1939 3030 Germanos,
1973 2939 2242 3016 Franco-Gallos

723 3063 758 3132 et
782 3057 946 3157 Anglicos
971 3058 1093 3136 merito
1117 3058 1334 3136 concedetur.
