4892 6184
1202 691 1394 758 SERIES
1426 687 1754 756 Lucrionem.

820 902 970 978 Selectos
991 895 1240 974 demonstrabit
1260 896 1409 974 familias
1430 898 1624 985 naturales,
1646 895 1772 970 ἰίεᾱοω
1792 891 1938 982 diebus,
1965 951 1973 968 .
2002 952 2010 968 .
2069 895 2154 972 hora
2199 899 2238 1004 1.

818 1020 1088 1100 Exeursionibns
1106 1019 1275 1096 botanicis
1290 1019 1439 1119 praeerit
1455 1019 1512 1094 die
1527 1017 1684 1104 Satmni,
1702 1021 1785 1114 apta
1794 1020 2012 1114 tempestato.

818 1144 1009 1220 Historiam
1033 1141 1250 1240 plantarum,
1274 1139 1407 1216 medica
1428 1139 1556 1214 virtute
1578 1136 1834 1238 praeditarum,
1855 1142 1891 1208 et
1905 1134 2014 1209 Phar·

866 1261 1088 1363 meoognosin
1112 1260 1211 1360 regni
1234 1259 1437 1360 vegetabilis
1461 1266 1498 1333 et
1519 1256 1698 1345 animalis,
1732 1257 1822 1332 duce
1845 1255 2013 1330 Pharma-

863 1407 988 1482 oopaea
1018 1379 1267 1469 Nebrlandica,
1299 1379 1426 1454 futuris
1456 1378 1717 1454 Pbermaoeutis
1748 1376 1882 1463 madet,
1919 1375 2012 1451 horis

865 1500 1065 1576 commodis.

720 1625 759 1698 P.
785 1623 825 1697 L.
848 1621 955 1696 ann
982 1620 1163 1718 Physicam
1192 1617 1495 1719 experimentalem
1519 1617 1676 1705 docebit,
1719 1617 1843 1692 diebus
1871 1617 2013 1706 Lunae,

768 1742 912 1830 Martis,
936 1740 1120 1830 Mercurii,
1142 1739 1236 1813 Iovis
1258 1747 1294 1813 et
1312 1738 1458 1814 Veneris
1467 1795 1645 1828 ......
1648 1819 1655 1831 ,
1672 1795 2010 1814 ..........
2147 1739 2234 1813 XII.

819 1864 882 1936 De.
899 1861 1063 1959 Physices
1089 1858 1261 1961 capitibus
1285 1859 1419 1934 selectis
1442 1859 1547 1933 latins
1567 1865 1604 1932 et
1623 1857 1735 1933 fusius
1754 1857 1916 1950 disseret,
1942 1857 2014 1931 die·

867 1981 934 2055 bus
958 1983 1079 2057 Lunae
1103 1987 1138 2055 et
1162 1979 1348 2068 Mercurii,
1384 2035 2011 2056 ..................
2189 1978 2236 2053 Χ.

817 2101 999 2200 Physicam
1030 2099 1308 2176 mathematicam
1339 2101 1469 2190 tradet,
1502 2099 1626 2174 diebus
1645 2099 1767 2174 Lunae
1787 2107 1823 2174 et
1845 2098 2007 2187 Veneris,
2129 2099 2234 2174 VIII.

928 2339 1175 2415 FACUL'I'AS
1200 2337 1567 2415 PHIIiOSOPHIAE
1592 2339 1935 2415 'I'HEORE'I'ICAE
1958 2339 2020 2414 nn

1136 2458 1427 2534 LITIIRARUM
1451 2459 1812 2536 HUMANIORUM.

716 2703 767 2776 M.
797 2701 1051 2789 Srnsnnnnnrr,
1076 2706 1256 2799 provectae
1276 2700 1399 2795 aetatis
1416 2725 1521 2776 causa
1538 2701 1625 2776 rude
1642 2700 1813 2790 donatus,
1837 2707 2013 2800 quantum

764 2845 827 2920 per
850 2819 937 2894 vires
962 2818 1097 2908 licebit,
1123 2819 1297 2895 studiosae
1320 2819 1494 2896 iuventuti
1516 2821 1678 2921 prodesse
1701 2819 1894 2896 conabitur.

715 2942 745 3015 I.
773 2942 880 3016 Bana
900 2940 1182 3041 interpretabitur
1200 2941 1331 3016 Tacrrr
1351 2943 1521 3031 Menke,
1545 2950 1581 3016 et
1604 2941 1801 3016 Cronaonrs
1830 2942 2015 3030 Vescinos,

763 3061 887 3136 diebus
911 3061 1051 3150 Lunae,
1075 3061 1201 3136 Martis
1224 3069 1261 3135 et
1283 3061 1449 3136 Mercurii
1461 3119 2006 3151 ................
2163 3061 2230 3137 IX.

809 3183 862 3256 Er
884 3183 1155 3283 Antiquitatibus
1172 3185 1298 3257 Atticas
1317 3184 1441 3260 selecta
1458 3184 1572 3283 capita
1585 3182 1768 3272 tractabit,
1787 3182 1845 3258 die
1860 3183 2003 3271 Lunae,
2078 3182 2098 3255 Ι
2119 3192 2155 3257 et
2175 3184 2225 3258 II.

711 3302 754 3378 A.
778 3303 952 3380 Runonas
975 3304 1126 3378 Insaran
1157 3303 1331 3378 Vaticinio
1353 3311 1388 3378 et
1412 3303 1569 3410 Psalmoa
1594 3306 1737 3380 selectos
1762 3303 2006 3404 interpretabi-

760 3429 836 3512 tur,
858 3422 982 3497 diebus
1003 3423 1124 3498 Lunae
1148 3433 1184 3498 et
1206 3424 1331 3498 Martis
1337 3481 1999 3513 ...................
2148 3424 2226 3514 IX,

905 3551 939 3616 et
963 3543 1021 3617 die
1045 3543 1231 3632 Mercurii,
1267 3602 2000 3621 .....................
2120 3544 2223 3619 VIII.

807 3663 957 3738 Alterum
982 3663 1112 3763 Bepara
1135 3664 1276 3738 tibrum
1297 3664 1449 3738 cursoria
1468 3663 1612 3740 lectione
1632 3673 1777 3740 tractare
1797 3675 1919 3766 perget
1941 3663 1997 3740 die

855 3783 981 3857 Martis
990 3841 2001 3870 .............................
2184 3788 2222 3875 Ι,

907 3909 942 3974 et
967 3901 1023 3974 die
1047 3901 1157 3990 Iovis,
1197 3959 1997 3980 .......................
2134 3904 2219 3979 XII.

805 4021 1044 4119 antiquitates
1068 4021 1302 4097 Israelitarum
1329 4023 1535 4122 explicabit,
1563 4023 1688 4099 diebru
1707 4023 1847 4112 Lunae,
1878 4023 2003 4098 Martis

856 4150 891 4216 et
915 4141 1078 4216 Mercurii
1086 4199 2001 4230 ..........................
2137 4143 2222 4226 XII.

805 4260 1075 4338 Grammaticam
1102 4261 1311 4338 Sanscritam
1334 4264 1491 4353 docebit,
1521 4271 1558 4338 el
1580 4263 1870 4341 Mababharatam
1893 4265 2001 4364 expli·

852 4406 930 4456 care
955 4391 1091 4482 perget,
1118 4382 1174 4456 die
1200 4385 1340 4458 Saturni
1347 4439 1997 4473 ...................
2067 4388 2087 4460 I
2110 4394 2144 4461 el
2169 4387 2219 4462 ΙΙ.

708 4501 747 4575 Τ.
785 4500 827 4575 G.
862 4501 893 4574 I.
928 4502 1116 4576 Iurnaonn
1148 4501 1324 4577 Sermonis
1356 4501 1511 4577 Hebraei
1542 4504 1713 4580 elementa
1745 4505 1879 4594 tradet,
1921 4530 2002 4581 cum

758 4620 991 4695 Grammatico
1013 4621 1234 4720 explicanda,
1258 4629 1336 4696 tum
1357 4621 1537 4720 analyticis
1556 4623 1737 4699 Exercitiis
1756 4624 1997 4713 moderandis,

760 4737 884 4814 diebus
905 4740 1045 4829 Lunae,
1066 4740 1191 4816 Martis
1211 4747 1248 4814 et
1272 4741 1438 4816 Mercurii
1448 4800 1994 4832 ................
2105 4745 2220 4836 VIII,

906 4869 941 4934 et
965 4859 1020 4936 die
1045 4861 1158 4954 Iovis,
1193 4919 1998 4944 .......................
2189 4867 2222 4942 Ι.
