4892 6184
862 694 1139 764 ORATIO.
1703 693 1758 802 ‚83

244 902 383 978 ccredit
404 902 442 976 in
465 926 542 991 me,
576 924 646 976 non
670 901 779 976 credit
799 902 836 976 in
864 928 940 993 me,
970 904 1032 979 sed
1055 904 1091 979 in
1115 904 1231 989 Eum,
1255 902 1326 1000 qui·
1340 925 1396 976 me
1418 900 1514 977 misit
1527 901 1590 995 ⁶⁴).
1645 904 1754 978 nCrc-

244 1053 262 1092 n
272 1023 344 1098 dite
367 1025 405 1098 in
427 1023 545 1108 Deum
569 1022 666 1098 etin
690 1047 747 1098 me
769 1023 898 1098 credite
910 1023 998 1116 ὄσ).”
1721 1072 1726 1078 ·

286 1144 344 1217 Ita
368 1151 404 1217 et
423 1143 586 1240 Apostoli.
634 1142 729 1221 Nam
752 1144 897 1219 Parrus
925 1143 1140 1218 Christianos
1163 1143 1347 1233 describit,
1374 1167 1436 1242 per
1460 1143 1657 1218 Gnnrsnun
1679 1165 1750 1216 cre·

239 1263 360 1337 dentes
383 1265 420 1337 in
438 1263 577 1352 Deum,
602 1263 665 1362 qui
686 1287 768 1338 eum
788 1288 808 1339 e
829 1264 975 1340 mortuis
999 1263 1194 1351 suscitavit,
1216 1288 1423 1364 summoque
1445 1263 1580 1338 ornavit
1601 1262 1750 1350 honore,

239 1390 280 1456 ut
308 1382 445 1458 illorum
479 1383 567 1458 fides
589 1389 625 1457 et
649 1407 727 1482 spes
748 1384 785 1458 in
809 1385 886 1458 Deo
910 1384 1078 1483 repositae
1105 1390 1220 1458 essent
1232 1384 1293 1476 θ’).
1348 1414 1366 1454 n
1379 1384 1417 1458 Si
1443 1383 1625 1458 hominum
1652 1383 1749 1458 testi·

237 1502 428 1577 ·cmonium
457 1502 685 1602 accipimus,'’
716 1502 766 1577 ait
792 1503 1001 1589 Ionsuuns,
1039 1530 1058 1571 r
1066 1501 1305 1575 testimonium
1328 1501 1396 1576 Dei
1423 1502 1536 1576 maius
1561 1508 1615 1577 est
1622 1533 1632 1590 3
1667 1527 1749 1578 nam

241 1620 335 1696 ehoe
361 1630 415 1696 est
438 1621 676 1696 testimonium
699 1621 784 1708 Dei,
810 1620 905 1717 quod
931 1620 1135 1694 testificatus
1161 1629 1215 1694 est
1239 1621 1283 1695 de
1309 1619 1397 1696 Filio
1425 1645 1498 1697 sue.
1545 1621 1619 1700 Qui
1641 1621 1750 1696 credit

240 1739 307 1813 nin
329 1738 458 1814 Filium
481 1739 569 1827 Dei,
595 1740 701 1814 habet
725 1739 965 1814 testimonium
987 1739 1024 1811 in
1050 1765 1087 1813 se
1109 1740 1203 1839 ipso:
1231 1740 1293 1839 qui
1314 1765 1384 1816 non
1406 1740 1516 1816 credit
1537 1743 1631 1830 Deo,
1653 1765 1750 1815 men·

240 1859 389 1933 edacem
422 1859 516 1933 Eum
548 1859 647 1947 fecit,
676 1859 767 1958 ‚quia
798 1882 869 1932 non
898 1857 1045 1934 credidit
1068 1859 1106 1933 in
1133 1860 1390 1950 testimonium,
1426 1860 1521 1961 quod
1541 1861 1748 1935 testificatus

240 1984 321 2050 cest
353 1978 450 2053 Deus
475 1980 518 2053 de
542 1978 631 2053 Filio
658 2003 732 2055 suo.
771 1980 819 2052 Et
844 1978 908 2053 hoo
932 1988 985 2054 est
1011 1979 1272 2084 testimonium,
1312 1980 1408 2081 quod
1436 1980 1543 2055 vitam
1572 1987 1749 2054 aeternam

239 2125 257 2164 n
268 2095 364 2171 dedit
386 2097 488 2173 nobis
510 2099 627 2188 Dens,
652 2105 688 2174 et
710 2100 795 2174 haec
817 2099 888 2173 vita
906 2105 959 2173 est
977 2100 1016 2173 in
1038 2099 1126 2174 Eius
1145 2100 1234 2174 Filio
1256 2102 1343 2194 ⁶⁷).’'
1383 2103 1430 2175 nt
1451 2101 1623 2176 Pannnns
1648 2099 1748 2174 Chri·

235 2214 365 2291 stianos
388 2216 572 2306 informat,
605 2226 646 2292 ut
670 2219 849 2292 eredentes
874 2219 912 2291 in
937 2219 1052 2306 Eum,
1077 2219 1139 2318 qui
1161 2220 1299 2308 Iasum,
1325 2220 1463 2294 illorum
1487 2219 1703 2312 Dominum,
1731 2242 1752 2291 e

235 2336 381 2409 mortuis
406 2337 582 2411 suscitavit
593 2338 663 2427 ⁶⁸),
687 2337 863 2435 fidemque
886 2358 1006 2412 eorum
1030 2337 1157 2412 diserte
1168 2341 1282 2436 fidem
1306 2342 1343 2413 in
1367 2341 1483 2415 Deum
1510 2338 1594 2414 dicit
1606 2338 1669 2430 ⁶⁰).

286 2575 352 2647 Est
385 2573 514 2672 igitur,
546 2573 751 2648 docentibus
786 2574 874 2649 Insu
908 2583 944 2648 et
974 2576 1167 2674 Apostolis,
1202 2577 1286 2651 fidei
1318 2576 1535 2650 Christianae
1571 2576 1745 2650 obiectum
1820 2567 1822 2572 ’

235 2694 415 2778 doetrtaa,
446 2692 652 2767 nominatim
686 2695 931 2792 Erargeliem,
964 2695 1060 2794 quod
1090 2696 1362 2782 denunciarunt,
1399 2695 1601 2794 praesertim
1631 2697 1746 2775 Ganr-

234 2831 342 2900 snns,
368 2811 430 2909 qui
455 2810 615 2911 princeps
636 2812 816 2910 Evangelii
839 2821 1086 2912 argumentum
1108 2823 1180 2916 est,
1206 2814 1277 2889 imo
1300 2815 1374 2913 ipse
1391 2816 1507 2901 Deus,
1531 2814 1592 2914 qui
1619 2815 1750 2889 Filium

233 2954 338 3006 suum
367 2928 493 3005 mnndi
524 2931 808 3006 conservatorem
829 2957 869 3008 ae
893 2933 1086 3008 Dominum
1108 2935 1312 3021 constituit,
1345 2958 1427 3011 eum
1448 2934 1537 3008 hane
1563 2935 1599 3008 in
1621 2940 1749 3009 terram

233 3049 351 3136 misit,
365 3050 417 3152 ‚in
451 3051 640 3151 Evangelio
670 3052 714 3126 de
740 3077 782 3127 eo
805 3058 970 3142 testatur,
1003 3078 1066 3152 per
1088 3077 1170 3129 eum
1192 3079 1230 3128 se
1253 3078 1422 3153 suamque
1453 3079 1534 3154 erga
1557 3079 1620 3129 nos
1645 3053 1750 3129 bene·

234 3170 419 3244 volentiam
445 3170 624 3269 patefecit,
655 3171 693 3244 in
715 3196 826 3271 eoque
848 3197 885 3246 sa
910 3173 1194 3273 conspiciendum
1217 3172 1318 3248 nobis
1340 3173 1437 3247 dedit
1449 3173 1511 3264 ⁰⁰).
1553 3175 1654 3252 Quae
1677 3199 1750 3248 om·

233 3290 292 3363 nie
315 3315 427 3388 quum
452 3290 657 3366 Christianis
683 3292 863 3367 notissime
885 3301 1021 3389 essent,
1037 3296 1131 3391 fides
1144 3294 1192 3385 ⁰¹)
1227 3300 1262 3367 et
1287 3297 1459 3368 credentes
1472 3294 1520 3386 8Β)
1547 3293 1747 3393 saepissime

234 3409 271 3484 in
295 3411 341 3485 N.
366 3411 406 3485 F.
431 3409 529 3484 libris
553 3419 885 3501 commemorentur,
910 3412 1007 3486 nulla
1029 3411 1118 3487 fidei
1137 3411 1264 3486 obiecti
1288 3412 1462 3487 mentione
1486 3399 1619 3488 addita.

284 3649 355 3724 Sed
381 3642 567 3750 pergamus
597 3651 643 3727 ad
667 3652 905 3751 explicandam
932 3651 1015 3724 fidei
1036 3647 1252 3723 Christianae
1274 3651 1426 3726 indolem,
1477 3648 1683 3723 Cerniturne
1713 3673 1754 3724 aa

234 3770 271 3843 in
296 3794 367 3844 una
389 3771 516 3846 mentis
537 3771 758 3870 persuasione
779 3771 823 3844 de
843 3770 985 3844 veritate
1004 3793 1143 3856 eorum,
1168 3793 1258 3867 quae
1276 3768 1449 3844 credenda
1471 3768 1567 3843 sint?
1599 3769 1749 3844 Minime

234 3889 402 3989 gentium.
451 3891 545 3964 Nam
571 3888 741 3964 eiusmodi
761 3889 888 3962 mentis
911 3888 1106 3988 persuasio,
1132 3912 1221 3987 quae
1246 3889 1403 3964 animum
1423 3913 1491 3964 non
1516 3889 1659 3978 afficiat,
1685 3914 1749 3965 neo

233 4008 310 4106 ipsa
343 4008 445 4097 vivit,
479 4032 543 4083 nec
574 4008 681 4083 vitem
712 4008 793 4082 dare
827 4014 960 4107 potest3
995 4007 1092 4082 nulla
1119 4007 1321 4107 vigaudet,
1358 4007 1472 4083 nullos
1500 4008 1634 4083 fructus
1662 4010 1750 4100 fert,

233 4134 394 4228 recteque
416 4128 504 4204 fides
527 4125 658 4202 mortm
679 4153 701 4202 a
724 4129 863 4202 Isoono
887 4127 1079 4227 appellatur
1099 4128 1161 4220 ⁰³).
1211 4127 1310 4202 Num
1332 4129 1440 4227 igitur
1465 4153 1535 4202 una
1558 4128 1665 4203 animi
1691 4155 1746 4204 es·

235 4249 391 4323 sensione
414 4257 450 4324 et
470 4248 599 4323 fiducia
617 4247 799 4334 consistit?
848 4249 919 4323 Sed
936 4248 1020 4324 haec
1038 4247 1146 4322 animi
1162 4249 1315 4324 assensio
1334 4246 1530 4347 fiduciaque
1553 4273 1622 4347 quo
1645 4250 1749 4322 modo

178 4380 182 4386 “
233 4370 376 4469 cogitari
407 4375 540 4468 potest,
573 4369 641 4443 nisi
666 4377 759 4445 certa
781 4369 873 4444 adsit
897 4369 1024 4444 mentis
1045 4368 1241 4469 persuasio,
1275 4369 1384 4444 firmis
1406 4369 1489 4443 nixa
1512 4369 1748 4468 argumentis,
1798 4415 1801 4420 ·

234 4489 278 4563 de
301 4489 443 4564 veritate
465 4513 607 4580 eornm,
630 4490 667 4563 in
694 4489 822 4590 quibus
842 4513 942 4565 susm
962 4487 1127 4564 fiduciam
1148 4490 1318 4588 reponet?
1355 4486 1541 4566 Quomodo
1566 4487 1603 4560 in
1628 4490 1745 4562 Ecca·

227 4610 337 4708 pelio,
361 4610 398 4684 in
425 4610 583 4699 salutari,
617 4634 724 4710 quem
746 4609 895 4710 perfert,
926 4608 1054 4684 nuncio
1079 4608 1244 4685 fiduciam
1267 4631 1381 4683 meam
1404 4630 1587 4707 reponem,
1611 4606 1679 4682 nisi
1703 4608 1746 4683 de

233 4728 338 4803 huius
363 4729 482 4805 nuncii
504 4731 646 4806 veritate
672 4729 759 4806 mihi
776 4731 935 4805 constet?
968 4730 1153 4808 Quomodo
1169 4729 1206 4803 in
1228 4728 1394 4804 Gnarsno
1416 4729 1561 4827 Deoque
1583 4727 1747 4803 fiduciam

233 4872 346 4926 meam
375 4872 560 4949 reponam,
584 4850 653 4927 nisi
676 4875 754 4928 vere
776 4875 852 4927 esse
877 4873 1079 4951 persuasum
1104 4849 1190 4926 mihi
1216 4849 1282 4940 sit,
1308 4873 1397 4949 quae
1423 4848 1467 4923 de
1493 4848 1678 4938 Onarsno,
1704 4849 1748 4923 de

1431 4973 1474 5041 11
1487 4969 1508 5016 *
