4892 6184
664 731 667 737 ·
748 697 940 763 saulus
973 693 1305 760 nucrlouuu.
1718 697 1782 763 153

262 885 266 891 ¹
317 907 416 979 Artis
440 905 652 979 obstetriciae
675 903 839 978 theoriam
861 910 1009 1002 exponet
1031 903 1072 977 L.
1090 902 1126 977 C.
1147 924 1222 976 vsu
1244 903 1493 987 Gounouvna,
1519 898 1643 972 dicbus
1663 901 1782 975 martis

269 1030 307 1094 et
342 1019 504 1096 mercurii
535 1021 619 1095 bora
650 1019 725 1094 XII
753 1029 789 1094 et
820 1020 964 1095 dimidia
985 1029 1065 1120 post
1084 1019 1284 1106 meridIem;
1317 1018 1456 1094 morbos
1476 1042 1722 1118 puerperarum
1746 1027 1782 1093 et

270 1147 496 1215 neonntorum
520 1140 578 1214 dic
601 1140 687 1214 iovis
710 1139 794 1213 bora
817 1139 874 1212 IX
898 1146 1003 1238 atque
1028 1140 1102 1213 XII
1127 1146 1164 1213 et
1187 1137 1342 1214 dimidia.

318 1261 634 1334 Eamcc‘tatc'cm'bm
671 1260 873 1333 obstatmaim
902 1263 1068 1356 practicis
1100 1258 1247 1358 praeerit
1280 1258 1321 1332 L.
1360 1258 1396 1332 C.
1428 1281 1503 1331 vax
1534 1259 1781 1344 Gonnouvna,

269 1376 393 1451 diebus
417 1379 521 1457 lunae
549 1387 585 1454 et
605 1379 757 1467 senens,
782 1379 866 1453 hora
889 1377 1073 1466 XII-II,
1107 1387 1143 1452 et
1164 1378 1209 1454 ad
1233 1376 1500 1475 parturientium
1530 1377 1673 1452 lectulos
1697 1401 1781 1473 qua·

269 1495 354 1570 libet
377 1497 493 1574 oblata
517 1498 704 1594 occasione.
914 1583 920 1592 ,

317 1619 526 1691 Medicinam
538 1621 714 1712 sormam
736 1623 886 1714 exponet
906 1617 946 1688 F.
973 1616 1010 1689 C.
1033 1617 1233 1700 Donnnus,
1258 1613 1339 1686 iude
1359 1613 1490 1687 aferiis
1512 1615 1649 1689 aestivis
1670 1641 1780 1713 usque

268 1735 313 1808 ad
339 1735 373 1809 d.
399 1736 469 1809 XV
494 1761 541 1810 m.
566 1733 761 1821 Februarii,
785 1736 964 1831 politicam
986 1735 1146 1807 medicam
1174 1731 1256 1806 iude
1289 1759 1310 1805 a
1337 1731 1393 1805 die
1421 1732 1509 1806 XVI
1532 1759 1578 1808 m.
1602 1735 1781 1810 Februarii

268 1880 379 1952 usque
400 1856 445 1929 ad
465 1855 568 1928 ferias
591 1852 757 1940 aestivas,
784 1852 908 1926 diebus
928 1852 1107 1939 mercurii,
1132 1851 1219 1924 iovis
1243 1856 1279 1924 ct
1306 1851 1457 1938 veneris,
1474 1851 1566 1925 ¹hora
1589 1853 1639 1927 11.

321 1970 643 2070 Opttlaeatmalopc'am
673 1971 811 2046 docebit
840 1974 881 2046 F.
914 1973 951 2046 C.
987 1972 1183 2057 Donousa,
1218 1969 1343 2043 diebus
1373 1969 1534 2044 mercurii
1564 1978 1600 2043 et
1626 1972 1780 2058 saturni,

267 2092 349 2166 hora
374 2093 403 2167 Ι.

316 2212 359 2283 Β.
383 2211 423 2285 F.
447 2213 646 2298 Sunauun,
672 2210 829 2308 quamvis
851 2231 994 2282 munere
1016 2229 1079 2278 suo
1098 2206 1144 2278 sit
1162 2205 1366 2294 defunctus,
1393 2207 1517 2280 selecta
1536 2214 1653 2280 tamen
1677 2231 1780 2304 quae-

267 2330 349 2403 dem
387 2355 407 2402 e
442 2329 623 2428 disciplina
658 2324 1083 2428 pathologimohirurgiea
1117 2324 1279 2398 tractabit
1312 2326 1444 2423 capita,
1485 2324 1731 2423 speciminibus
1764 2350 1783 2396 e

267 2473 391 2523 musco
414 2473 476 2525 suo
498 2450 721 2536 illustranda,
747 2449 871 2523 diebus
893 2445 1012 2520 martis
1037 2453 1073 2518 et
1097 2445 1278 2533 mercurii,
1304 2446 1386 2520 hora
1409 2445 1503 2517 VIII
1527 2445 1708 2519 matutina.
1825 2509 1830 2522 .

317 2570 498 2644 Summam
516 2568 602 2644 item
622 2593 761 2655 corum,
787 2565 940 2664 quaeda
962 2565 1026 2638 rite
1045 2563 1284 2663 perfungendo
1305 2564 1431 2638 medici
1450 2563 1560 2636 officio
1583 2563 1657 2660 ipse
1679 2564 1782 2661 longo

266 2689 350 2762 artis
374 2687 535 2762 exercitio
563 2686 702 2774 didicit,
735 2709 816 2759 cum
840 2681 1133 2758 commilitonibus
1158 2681 1447 2768 communicabit,
1484 2680 1607 2754 diebus
1633 2688 1669 2755 e't
1692 2680 1784 2755 horis

266 2807 427 2906 deinceps
450 2805 657 2882 indicandis.

449 2971 505 3042 IN
527 2967 807 3044 FACULTATE
831 2964 1123 3040 MATHESEOS
1148 2965 1209 3037 ΕΤ
1232 2963 1598 3039 ΡΗΙΙΛΟΒΟΡΗΙΑΕ

881 3084 1170 3161 NATURALIS.

316 3287 500 3385 Pipmcam
527 3286 820 3382 caperimcatalmc
849 3290 998 3380 exponet
1024 3281 1068 3354 R.
1095 3301 1170 3352 van
1193 3278 1314 3366 Runa,
1346 3278 1469 3352 diebus
1493 3279 1616 3366 lunae,
1641 3279 1783 3366 martis,

266 3406 446 3493 mercurii,
470 3405 556 3481 iovis
581 3411 616 3479 et
641 3403 794 3490 veneris,
820 3401 904 3475 hora
928 3403 958 3473 I.

316 3527 552 3599 Mectaaicam
577 3525 783 3622 analyticam
805 3521 849 3594 R.
874 3542 948 3592 van
967 3519 1090 3603 Runa,
1116 3514 1240 3588 diebus
1264 3515 1388 3601 lunae,
1412 3513 1572 3586 mercurii
1586 3512 1782 3600 etveueris,

268 3645 351 3717 hora
374 3643 440 3715 XI.

317 3760 488 3858 caparae
520 3763 780 3846 mathematicae
813 3756 927 3855 capita
961 3753 1086 3828 selecta
1114 3753 1158 3825 R.
1191 3774 1265 3824 vau
1300 3751 1418 3838 Ruus,
1448 3717 1571 3825 diebus
1599 3752 1719 3826 martis
1749 3759 1785 3826 et

267 3878 495 4070 longimiciiir
508 3877 718 4094 {iponicam
753 3992 891 4068 docebit
924 3993 954 4065 I.
987 3990 1045 4065 W.
1075 3992 1270 4076 Gunuruc,
1300 3988 1461 4062 Chemiae
1494 3989 1628 4078 Lector,
1660 3988 1783 4063 diebus

157 4196 162 4202 ,
269 4120 392 4203 lunae,
419 4114 539 4188 martis
561 4122 597 4188 et
618 4113 796 4201 mercurii,
820 4111 904 4186 bora
927 4110 993 4186 IX.

325 4237 492 4310 Olcemiam
516 4237 773 4333 campaniam,
797 4233 842 4308 A.
857 4232 895 4304 C.
909 4230 1132 4315 Ounnuarrs,
1157 4226 1281 4300 diebus
1298 4225 1402 4313 iovis,
1427 4225 1559 4299 veneris
1578 4235 1613 4300 et
1631 4228 1782 4316 sotumi,

271 4357 355 4430 hora
377 4354 444 4428 IX.

325 4475 493 4547 Ciemiam
518 4476 740 4573 analyticam,
765 4475 802 4548 C.
830 4474 870 4547 L.
894 4472 1169 4556 Vuaxuuxnnu,
1195 4465 1320 4540 diebus
1341 4464 1462 4552 lunae,
1488 4465 1608 4539 martis
1634 4472 1670 4538 et
1694 4490 1781 4539 mer·

269 4593 375 4680 curii,
401 4591 484 4666 hora
507 4591 593 4667 XII.

325 4712 492 4784 thmiam
516 4712 752 4800 theoreticam,
775 4711 820 4784 A.
846 4710 883 4783 G.
910 4708 1136 4795 Onnnuans,
1162 4706 1218 4780 die
1243 4705 1367 4795 lunae,
1393 4705 1477 4779 hora
1501 4703 1547 4778 X.

326 4831 495 4904 Cleemc'am
510 4833 705 4925 foramem,
730 4830 761 4906 Ι.
785 4829 844 4904 W.
872 4829 1066 4916 Gouuruo,
1092 4826 1148 4900 die
1173 4824 1327 4915 veneria,
1352 4824 1435 4901 hora
1458 4821 1515 4900 XI
1540 4829 1575 4898 et
1598 4822 1684 4898 XII.

1494 4947 1541 5018 20
