4892 6184
725 675 770 742 90
1333 669 1372 736 Η.
1407 669 1441 736 Ε.
1476 665 1650 736 VINKE

730 878 885 980 nspecmi
905 902 981 954 esse
1001 876 1170 964 dicimus,
1194 875 1232 949 iu
1254 897 1324 975 quo
1346 876 1464 952 Deum
1484 874 1662 949 intucatur
1682 868 1794 944 fidos”
1813 869 1891 962 ¹¹⁴).
1931 869 1990 944 Ad
2012 866 2253 968 quaestionem

727 1006 866 1076 cutem:
903 999 988 1099 quid
1014 1000 1053 1074 in
1085 996 1190 1072 verbo
1223 993 1367 1070 Domini
1396 994 1544 1092 reperiat
1575 993 1684 1078 fides,
1719 1011 1790 1088 quo
1822 989 1953 1064 nitatur
1980 997 2016 1064 et
2046 988 2251 1064 recumbat?

728 1127 863 1221 praeter
886 1119 953 1196 alia
980 1118 1065 1194 haec
1090 1114 1294 1216 respondet:
1332 1115 1453 1188 nIuste
1477 1113 1560 1187 fidei
1582 1111 1738 1188 delinitio
1765 1109 1866 1184 nobis
1889 1107 2079 1196 constabit,
2106 1108 2136 1182 ei
2157 1108 2251 1183 dica·

730 1262 831 1314 umus
865 1263 941 1314 esse
970 1239 1107 1314 disinae
1133 1261 1216 1337 erga
1251 1259 1314 1310 nos
1343 1232 1601 1308 benevolentiae
1623 1233 1759 1306 firmem
1782 1236 1981 1329 certamque
1997 1228 2250 1328 cognitionem,

731 1379 842 1454 aquae
864 1354 1036 1454 gratuitae
1055 1355 1093 1430 in
1115 1353 1255 1429 Christo
1276 1351 1511 1451 promissionis
1535 1349 1677 1424 veritate
1699 1349 1865 1439 lundata,
1889 1373 1952 1449 per
1972 1349 2140 1448 Spiritum
2163 1349 2197 1422 S.
2213 1348 2252 1422 et

730 1473 923 1550 crevelatur
941 1474 1120 1550 mentibus
1136 1473 1283 1560 nostris,
1303 1470 1339 1545 et
1355 1469 1519 1546 cordibus
1538 1469 1912 1568 obsignatur”¹¹⁶).-
1934 1469 2036 1542 nNon
2053 1468 2127 1542 sine
2146 1491 2251 1542 causa

568 1579 576 1589 ’
732 1595 789 1668 nin
812 1593 953 1668 Christo
975 1593 1221 1694 promissiones
1242 1615 1363 1666 omnes
1383 1589 1642 1665 concludimus:
1674 1589 1814 1688 quando
1834 1603 1871 1663 et
1898 1589 1974 1664 eius
1997 1588 2173 1688 agnitione
2198 1597 2249 1662 to·
2396 1603 2397 1614 ¹

731 1722 832 1790 stum
857 1714 1088 1813 Evangelium
1106 1713 1296 1814 Apostolus
1314 1709 1512 1786 concludit'’
1531 1711 1671 1803 11θ).-
1693 1710 1818 1784 nFides
1837 1709 1875 1784 in
1896 1709 2026 1784 Christi
2045 1709 2167 1784 notitia
2186 1709 2250 1784 sita
2396 1775 2397 1800 ,

734 1841 819 1909 nest.
856 1834 1016 1910 Christus
1037 1833 1106 1908 nisi
1123 1857 1205 1908 cum
1227 1830 1377 1931 Spiritus
1400 1829 1456 1904 sui
1478 1825 1747 1904 sanctificatione
1765 1829 1926 1928 cognosci
1949 1828 2081 1928 nequit.
2121 1829 2249 1904 Gon'se-
2396 1835 2397 1852 ¹

734 1953 896 2052 oquitur,
929 1953 1036 2029 fidem
1065 1980 1086 2029 a
1111 1953 1169 2052 pio
1192 1951 1319 2028 affectu
1344 1949 1569 2026 nullomodo
1597 1973 1672 2023 esse
1703 1948 1984 2024 distrahendam''
2010 1950 2086 2041 ¹¹⁷).
2109 1992 2159 2008 -
2183 1950 2249 2022 nIn

735 2097 914 2162 asumma,
939 2097 1017 2148 vere
1039 2073 1152 2149 fidelis
1171 2096 1243 2148 non
1268 2075 1337 2160 e'st,
1362 2068 1430 2144 nisi
1454 2069 1517 2169 qui
1537 2068 1645 2143 solida
1666 2069 1886 2167 persuasione
1909 2070 2025 2144 Deum
2048 2068 2116 2143 sibi
2137 2070 2248 2168 propi·

735 2193 847 2268 artium
869 2193 1145 2291 benevolumque
1167 2193 1307 2268 Patrem
1332 2215 1408 2266 esse
1428 2214 1633 2290 persuasus,
1659 2189 1703 2263 de
1723 2189 1798 2264 eius
1817 2188 2032 2289 benignitate
2050 2190 2166 2264 omnia
2184 2190 2250 2264 sibi

736 2313 956 2413 cpollicetur3
991 2312 1059 2388 nisi
1090 2312 1152 2412 qui
1181 2312 1317 2387 divinae
1348 2329 1431 2410 erge
1462 2335 1499 2385 se
1527 2309 1785 2386 benevolentiae
1814 2309 2098 2408 promissionibus
2121 2309 2249 2397 fretus,

735 2433 990 2509 sindubitatam
1011 2433 1134 2508 salutis
1154 2430 1447 2531 exspectationem
1469 2430 1683 2530 praesumit''
1705 2431 1782 2521 118).
1803 2471 1853 2486 -
1878 2429 1959 2504 aad
1986 2431 2088 2504 talem
2117 2429 2250 2504 munus

733 2552 920 2627 ebonitatis
952 2560 1098 2651 gustum
1130 2550 1392 2650 percipiendum
1425 2549 1599 2648 quomodo
1629 2575 1666 2624 se
1689 2549 1823 2624 attollat
1846 2547 2002 2637 animus,
2036 2549 2122 2649 quin
2150 2549 2251 2624 simul

733 2672 801 2748 aad
820 2671 1073 2747 redamandum
1096 2670 1214 2744 Deum
1239 2677 1335 2745 totus
1360 2669 1593 2746 accendatm?
1640 2669 1730 2744 Vere
1755 2668 1848 2744 enim
1872 2671 2033 2769 cognosci
2056 2669 2115 2744 illa
2141 2669 2249 2744 suevi·

729 2779 840 2864 'statu
869 2789 1048 2865 affluentia
1076 2813 1147 2865 non
1170 2797 1305 2889 potest,
1339 2814 1446 2889 quam
1470 2790 1568 2864 Deus
1581 2789 1798 2865 *timentibus
1822 2813 1859 2864 se
1881 2789 2095 2878 recondidit,
2118 2796 2155 2864 ut
2179 2813 2250 2865 non

736 2910 865 2985 ssimul
885 2910 1106 2986 vehementer
1124 2910 1261 2987 afficiat.
1312 2911 1430 2990 Quem
1449 2916 1567 2986 sutem
1589 2911 1697 2985 semel
1719 2907 1853 2997 affecit,
1878 2909 2019 3009 penitus
2041 2911 2087 2986 ad
2109 2935 2146 2986 se
2164 2911 2251 3010 rapit

735 3037 794 3104 net
821 3029 944 3106 effert’'
959 3033 1037 3125 ¹¹⁰).
1077 3031 1232 3131 Uterque
1261 3029 1385 3131 igitur,
1418 3029 1454 3104 et
1471 3032 1711 3106 Menandros
1729 3029 1764 3106 et
1781 3031 1988 3122 Canvrnus,
2011 3057 2105 3108 omae
2122 3034 2252 3108 aedem

733 3150 806 3226 Dei
835 3151 919 3227 fidei
948 3150 1124 3226 obiectum
1157 3150 1259 3240 dicit,
1290 3149 1340 3224 ita
1370 3157 1487 3224 tamen
1516 3157 1558 3224 ut
1580 3149 1673 3224 cerni
1697 3148 1786 3224 illud
1814 3155 1970 3224 statuant
1992 3150 2192 3249 praesertim
2215 3151 2251 3223 in

733 3271 941 3370 anqetio,
975 3271 1012 3346 in
1039 3271 1222 3358 Cnnrsro,
1256 3269 1293 3344 in
1323 3270 1400 3343 Deo
1420 3271 1513 3367 ipso,
1544 3268 1581 3342 in
1606 3271 1726 3367 pratia
1752 3270 1869 3343 divina
1896 3267 1996 3343 nobis
2022 3269 2059 3345 in
2086 3270 2248 3344 (innisae

731 3391 913 3488 patefacta.
964 3391 1121 3490 Uterque
1152 3413 1222 3464 non
1246 3413 1317 3465 una
1340 3389 1467 3466 mentis
1494 3388 1716 3488 persuasione
1738 3387 1844 3463 fidem
1870 3388 2021 3478 absolvi,
2056 3391 2119 3465 sed
2146 3391 2249 3466 animi

732 3510 835 3586 etiem
857 3510 1044 3601 fiduciam,
1069 3518 1105 3584 et
1127 3510 1216 3585 hanc
1241 3509 1384 3609 quidem
1404 3509 1441 3583 in
1458 3508 1580 3606 primis
1598 3509 1798 3607 complecti,
1824 3515 1963 3584 strenue
1984 3511 2161 3585 contendit
2173 3513 2245 3601 ¹⁸⁰).

693 3793 702 3798 -
781 3749 941 3823 Eandem
964 3749 1048 3824 fidei
1070 3692 1335 3850 descriptionem
1361 3748 1447 3824 dont
1468 3749 1551 3822 libri
1572 3749 1742 3846 symbolics'
1764 3753 1841 3822 tum
1862 3749 2152 3838 lutheranorum,
2174 3757 2247 3822 tam

735 3870 1032 3964 Reformatorem.-
1061 3893 1082 3942 a
1112 3893 1182 3966 quo
1207 3876 1325 3944 temen
1350 3867 1529 3968 probando
1552 3867 1635 3942 locis
1659 3866 1894 3958 adducendis,
1928 3868 2106 3944 brevitatis
2130 3893 2247 3957 causa,

736 3985 895 4061 abstineo
907 3987 984 4076 ¹²¹).

788 4221 923 4298 Reiecit
945 4229 1063 4299 eutem
1086 4223 1174 4299 beno
1196 4224 1387 4301 doctrinam
1412 4227 1571 4302 Ecclesia
1591 4227 1956 4316 amano-caueam,
1979 4227 2015 4302 et
2032 4229 2158 4304 obiecti
2167 4229 2247 4320 Μ),

738 4345 774 4418 sit
800 4342 927 4419 indolis
966 4343 1049 4419 fidei
1084 4345 1216 4420 ratione
1254 4344 1373 4422 habita
1384 4346 1464 4439 ¹²³).
1516 4346 1639 4425 Qud?
1669 4347 1764 4446 quod
1785 4347 1880 4446 ipsae
1905 4347 2031 4423 deinde
2054 4350 2247 4424 Protestan·

634 4497 640 4506 ·
736 4462 827 4538 tium
862 4463 1049 4539 Societates
1080 4464 1185 4539 nimis
1215 4464 1325 4539 eheu!
1364 4465 1459 4542 illam
1490 4465 1728 4565 neglexerunt.
1777 4467 1917 4542 Etenim
1949 4492 2030 4542 cum
2057 4493 2135 4545 vero
2161 4469 2246 4557 fide,

738 4606 828 4680 quse
854 4583 966 4682 primo
996 4583 1198 4683 praesertim
1223 4591 1378 4684 tempore
1401 4586 1438 4659 in
1465 4610 1581 4660 rerum
1605 4610 1649 4660 ss.
1677 4585 1974 4662 Instauratoribus
2002 4589 2100 4663 omni
2134 4587 2248 4665 suavi

738 4707 922 4805 regnabat,
957 4731 1037 4782 vere
1062 4708 1145 4782 fidei
1178 4707 1275 4782 notio
1299 4707 1425 4783 iterum
1453 4708 1603 4786 evanuit.
1654 4709 1840 4782 Testantur
1863 4708 1927 4784 hoo
1952 4709 2162 4807 deploranda
2183 4709 2247 4782 ista

743 4826 961 4904 voluntatum
983 4827 1188 4917 disiunctio,
1215 4827 1605 4928 vehementissimaeque
1628 4828 1726 4918 lites,
1749 4827 1793 4902 de
1818 4828 1882 4904 boc
1907 4829 2006 4904 illove
2028 4829 2155 4928 placito
2176 4831 2247 4929 agi·
