4892 6184
834 681 840 702 ’
879 693 1111 763 lUlllGlh.

456 921 641 990 maruan
663 920 908 990 rlcunrlrrs
930 925 1228 992 rmsosornnr
1249 897 1529 994 rasurarum

671 1035 721 1100 ar
743 1035 1003 1105 urrrulauu
1026 1037 1312 1106 ιιιιιιιιιιιοιιιιιι.

283 1267 326 1339 Ιιι
352 1264 652 1341 Commentatione
679 1294 697 1334 n
711 1265 755 1340 de
778 1268 949 1344 Munatiis
974 1271 1152 1360 Plancia,”
1177 1295 1268 1370 quae
1291 1270 1458 1372 insignita
1479 1276 1552 1347 arat
1573 1269 1747 1368 symbolo:

231 1384 347 1464 οὐδὲν
361 1387 590 1488 γλυκύτερόν
610 1391 693 1478 ε’ςιν
714 1393 737 1480 ἢ
757 1388 867 1466 πάντ’
879 1389 1046 1485 εἰδέναι,
1072 1417 1247 1491 quamque
1270 1415 1376 1466 unam
1395 1392 1439 1466 da
1463 1391 1529 1464 hac
1550 1389 1750 1489 quaestione

230 1507 363 1605 accepit
387 1508 549 1582 Facultas
569 1507 639 1581 duo
669 1507 820 1605 primmu
846 1513 1078 1609 exploratione
1102 1511 1263 1589 instituta
1284 1510 1433 1585 advertit
1454 1510 1635 1598 Facultas,
1660 1534 1750 1608 quae

231 1627 383 1702 multum
407 1626 506 1701 abest
528 1633 570 1699 ut
593 1625 773 1724 probaret:
799 1630 953 1728 primum
982 1655 1174 1706 sermonem
1199 1631 1387 1719 latinum,
1411 1631 1450 1704 in
1474 1655 1544 1730 quo
1572 1655 1642 1705 non
1674 1639 1748 1704 tan·

231 1755 309 1820 tum
334 1744 513 1843 castigatio
551 1752 586 1820 et
614 1745 784 1845 elegantia
817 1747 1076 1845 requirebatur,
1113 1749 1175 1822 sed
1207 1748 1348 1822 omnino
1380 1773 1467 1849 pure
1501 1757 1538 1823 et
1569 1749 1749 1848 perspicue

231 1865 479 1940 sententiarum
507 1865 804 1940 enunciandarunr
828 1867 989 1943 facultas:
1016 1868 1185 1957 alterum,
1211 1869 1306 1967 quod
1331 1868 1529 1970 argumenti
1552 1867 1751 1942 distributio

229 1984 349 2059 minus
387 1991 468 2084 apta
500 1992 596 2074 erat,
632 1986 682 2060 ita
707 1993 748 2060 ut
772 2010 847 2075 ras,
884 2012 974 2086 quae
997 1990 1196 2064 tractandae
1222 1998 1339 2078 emt,
1363 1989 1608 2065 divellerentur
1634 1986 1750 2086 potius

229 2129 269 2178 ao
288 2105 572 2204 discerperentur,
592 2130 698 2204 quam
716 2107 907 2182 necessaria
926 2109 1110 2207 partitione
1127 2109 1234 2184 totius
1251 2109 1359 2184 veluti
1376 2109 1527 2208 corporis
1546 2108 1751 2204 adspectum

229 2224 417 2299 faciliorem
451 2225 644 2300 redderent.
696 2225 767 2300 Sed
794 2225 879 2302 haec
906 2229 989 2302 vitia
1013 2229 1181 2304 redimere
1204 2229 1387 2308 videbatur
1409 2229 1553 2327 scriptor
1576 2252 1750 2302 commen·

228 2344 369 2418 tationis
389 2368 430 2417 ea
450 2343 654 2432 eruditione,
673 2352 749 2418 tum
772 2354 865 2424 recto
884 2354 921 2430 et
943 2347 1050 2422 libero
1069 2348 1197 2424 iudicio
1217 2373 1328 2448 eaque
1348 2348 1528 2449 diligentia
1537 2347 1574 2420 in
1594 2347 1749 2446 ipsarum

228 2487 344 2537 rerum
366 2463 631 2563 investigatione
654 2471 689 2536 ot
715 2466 764 2540 ita
792 2467 828 2540 in
857 2465 1003 2565 singulis
1024 2493 1104 2542 suas
1134 2493 1210 2543 esse
1234 2469 1503 2568 intelligebatur,
1536 2491 1606 2541 non
1630 2467 1750 2542 alienis

227 2583 365 2657 tantum
392 2584 500 2682 copiis
525 2591 666 2658 ornatus
693 2594 754 2658 aut
779 2587 891 2660 alieno
918 2587 1045 2660 iudicio
1070 2611 1279 2686 suspensus,
1302 2597 1343 2662 ut
1367 2588 1487 2662 laudas
1510 2588 1573 2661 has
1597 2588 1750 2685 praemio

228 2704 390 2778 decorare
413 2704 603 2777 decreverit
625 2704 795 2784 Facultes.

276 2823 449 2898 Schedula
482 2830 600 2922 aperta
633 2847 759 2902 nomeu
796 2825 923 2926 prudiit
960 2826 1133 2926 scriptoris
1165 2823 1374 2900 Hnauauur
1399 2828 1572 2900 Anonrnr
1597 2825 1748 2912 Knnru,

227 2941 466 3042 Philosophiae
492 2943 712 3020 Thecreticae
732 2953 777 3020 et'
791 2945 1002 3023 Litterarum
1022 2921 1293 3024 Humanioram
1306 2946 1493 3022 Candidati
1511 2946 1548 3018 in
1560 2945 1749 3020 Academia

227 3063 559 3162 Lugduno·Batava.
635 3095 641 3107 ·
1534 3087 1537 3090 ·

174 3425 176 3434 ⁴
263 3425 335 3497 ¹Ad
360 3423 507 3498 alterum
528 3425 783 3522 quaestionem:
826 3427 960 3502 rLocus
993 3426 1239 3526 Psycholcgiae
1273 3425 1317 3498 de
1351 3425 1528 3500 Libertate
1559 3425 1748 3525 explicetur

143 3541 147 3548 '
231 3545 325 3633 nita,
351 3553 392 3620 ut
415 3545 569 3619 diversae
593 3544 656 3620 hae
681 3547 724 3621 de
747 3573 783 3623 re
807 3547 1088 3648 philosophorum
1113 3545 1303 3620 sententiae
1327 3553 1573 3620 enumerentur
1599 3554 1635 3619 et
1660 3571 1746 3644 pon·

231 3665 456 3755 adeantur?
480 3667 652 3744 Facultati
674 3669 790 3744 oblata
816 3677 871 3742 est
894 3665 1137 3742 commentatio
1168 3664 1280 3763 patrio
1311 3666 1468 3739 sermone
1493 3664 1688 3764 conscripta
1712 3675 1747 3740 et

231 3783 395 3883 insignita
429 3786 556 3862 verbis:
597 3788 643 3862 de
683 3787 848 3886 hoogete,
884 3788 927 3861 de
963 3785 1083 3884 eenige
1112 3791 1181 3858 uet
1216 3807 1299 3859 voor
1333 3783 1402 3858 den
1439 3785 1581 3859 mensch
1615 3785 1646 3859 is
1678 3786 1746 3884 nijn

228 3913 395 4006 geweten.
445 3907 564 3981 Huius
597 3906 895 3982 commentationis
922 3913 1040 3980 auctor
1069 3905 1256 3994 maluerat,
1291 3913 1331 3978 ut
1355 3905 1530 4002 pmlessus
1546 3913 1620 3994 est,
1646 3929 1745 3979 suam

228 4025 338 4124 ipsius
375 4027 581 4101 sententiam
615 4028 659 4101 de
695 4027 759 4101 hoc
795 4027 869 4101 loco
902 4048 1090 4123 exponere,
1128 4047 1235 4123 quam
1271 4025 1463 4100 secundum
1495 4027 1744 4104 Quaestionem

227 4147 438 4246 propositam
458 4147 609 4222 diversas
627 4147 914 4246 Philosophorum
936 4145 1123 4220 sententias
1144 4167 1310 4220 enarrare.
1349 4147 1400 4220 At
1416 4146 1608 4245 scriptionis
1626 4155 1743 4222 tamen

227 4267 360 4365 capita,
385 4267 421 4341 in
446 4267 574 4365 quibus
604 4268 807 4343 enarratoris
832 4274 946 4366 partes
973 4266 1067 4366 agit,
1103 4265 1204 4364 longe
1237 4266 1378 4340 meliora
1412 4275 1495 4339 sunt
1528 4290 1633 4365 quam
1662 4267 1741 4353 illa,

229 4385 291 4460 ubi
316 4393 377 4460 aut
400 4386 545 4461 aliorum
580 4389 766 4463 sententias
795 4386 1002 4488 ponderare,
1034 4393 1095 4461 aut
1127 4385 1222 4484 quod
1259 4384 1340 4459 fecit
1376 4385 1411 4459 in
1447 4385 1743 4484 disputatiuncula

228 4506 511 4580 commentationi
527 4507 672 4597 inserta,
699 4532 796 4587 suam
818 4509 893 4606 ipse
915 4507 1122 4582 sententiam
1139 4531 1308 4604 exponere
1327 4512 1481 4580 conatur.
1532 4507 1576 4579 In
1592 4506 1740 4581 referen-

230 4625 284 4698 dis
321 4624 603 4724 philosophorum
642 4628 775 4727 placitis
808 4636 926 4702 auctor
962 4634 1014 4702 est
1054 4652 1134 4702 sane
1170 4626 1318 4725 diligens
1349 4634 1385 4700 et
1417 4626 1508 4701 locos
1543 4651 1586 4700 ex
1621 4651 1741 4701 eorum

229 4745 364 4843 scriptis
394 4745 499 4820 etiam
529 4746 734 4823 difficiliores
769 4749 960 4823 luculenter
991 4747 1195 4846 plerumque
1229 4745 1265 4819 in
1297 4771 1489 4822 sermonem
1520 4747 1742 4822 vernaculum

228 4864 412 4938 convertit:
439 4872 476 4938 at
504 4865 652 4941 subinde
675 4868 756 4944 huic
777 4869 872 4967 operi
897 4868 926 4942 si
949 4868 1062 4943 minus
1078 4869 1207 4964 aliena,
1234 4877 1325 4943 certe
1346 4893 1596 4968 supervacanea
1613 4868 1739 4942 admis-
