4892 6184
669 677 734 742 128
1239 675 1616 744 u.muaau

666 893 803 960 caterva
822 929 871 940 -
890 883 1048 958 dicturus
1059 905 1148 956 sum.
1180 883 1237 958 Ex
1256 883 1599 960 honorificentissimo
1610 882 1718 981 Regis
1728 882 1865 958 decreto
1876 883 2113 958 Professorum
2123 907 2190 958 nn-

668 1030 765 1081 mero
786 1003 980 1102 adscriptus
1000 1009 1105 1100 atque
1124 1002 1162 1076 in
1180 1002 1270 1078 lianc
1290 1004 1407 1079 sedem
1432 1010 1610 1091 evocatus,
1634 1027 1715 1077 eum
1733 1002 1909 1078 Historiae
1930 1003 2190 1079 Ecclesiasticae

667 1134 746 1199 tum
769 1121 975 1221 Theologiae
997 1121 1141 1196 Moralis
1163 1123 1375 1220 provinciam
1395 1123 1640 1198 demandatam
1662 1121 1749 1196 mihi
1771 1123 1890 1213 video;
1916 1148 2066 1223 quarum
2090 1125 2191 1199 disci-

666 1245 840 1342 plinarum
873 1241 990 1317 studia
1026 1265 1096 1340 quo
1127 1241 1238 1341 pluris
1281 1243 1426 1331 faciam,
1469 1267 1510 1316 eo
1541 1241 1653 1342 magis
1681 1267 1738 1316 me
1767 1243 1947 1342 perturbet
1973 1225 2113 1318 necesse
2140 1253 2193 1320 est

666 1362 834 1463 insignis,
864 1386 954 1460 quae
985 1360 1030 1436 ad
1059 1360 1124 1435 hoc
1154 1363 1361 1460 requiritur,
1389 1353 1563 1437 doctrinae
1585 1369 1689 1459 atque
1716 1362 1919 1438 eruditionis
1941 1363 2049 1463 eopia.
2100 1364 2192 1438 Sunt

670 1483 738 1558 alia
757 1506 914 1581 quoque,
939 1505 1028 1581 quae
1050 1480 1088 1554 in
1114 1481 1325 1580 suspicando
1349 1482 1414 1556 hoe
1440 1505 1584 1556 munere
1606 1488 1740 1555 metum
1768 1490 1929 1581 augeant.
1979 1485 2192 1558 Pmmrrurr

668 1604 1031 1688 Manaucaraounu,
1057 1625 1235 1676 summum
1262 1601 1494 1702 Theologum,
1520 1600 1741 1699 eundemque
1763 1599 1800 1674 in
1824 1601 1987 1677 omnibus
2010 1603 2190 1678 humanio-

668 1723 766 1798 ribus
787 1722 910 1797 litteris
930 1729 1035 1819 atque
1056 1720 1190 1794 artibus
1212 1719 1345 1794 nemini
1367 1719 1579 1806 secundnm,
1605 1741 1715 1816 quum
1742 1724 1839 1792 tener
1859 1718 1973 1806 adhuc
1996 1718 2132 1794 iuvenis
2153 1721 2190 1794 in

667 1842 905 1917 Professorum
939 1839 1096 1916 ordinem
1129 1833 1354 1940 reciperetur,
1391 1839 1509 1914 statim
1541 1837 1717 1914 Orationis
1749 1839 1971 1938 Inangnralis
1990 1863 2074 1914 snae
2093 1864 2190 1938 prae·

670 1961 797 2036 stantia
825 1960 1011 2058 Latinique
1044 1959 1210 2033 sermonis
1231 1959 1402 2058 elegantia
1420 1958 1619 2033 auditorum
1643 1957 1801 2031 omnium
1821 1982 1920 2032 aures
1937 1965 2042 2057 atque
2058 1958 2191 2033 animos

665 2081 756 2156 adeo
780 2079 984 2154 demulsisse
1011 2075 1148 2174 sibique
1173 2076 1367 2150 devinxisse
1392 2076 1560 2174 legimus,
1585 2081 1626 2148 ut
1644 2075 1681 2149 bi
1702 2085 1839 2152 tenerae
1858 2078 1934 2152 eius
1954 2079 2077 2153 aetatis
2096 2105 2190 2179 pror-

670 2225 730 2274 sus
756 2200 874 2286 obliti,
899 2197 1123 2273 laetissimam
1144 2195 1188 2268 de
1208 2194 1285 2292 ipso
1308 2183 1406 2292 spem
1426 2200 1532 2292 atque
1553 2196 1844 2293 exspectationem
1867 2204 1951 2290 (nou
1970 2222 2093 2274 vanam
2112 2224 2190 2298 pro-

668 2319 758 2394 fecto
782 2319 911 2408 illumi)
948 2316 1064 2390 animo
1096 2315 1325 2413 conciperent.
1376 2315 1427 2388 At
1453 2339 1605 2413 quonam
1629 2315 1745 2390 animo
1774 2316 1884 2408 (haud
1906 2327 2104 2418 arroganter
2126 2319 2190 2392 hoc

668 2463 766 2515 ame
787 2437 920 2512 dictum
946 2434 1138 2510 existimari
1156 2433 1260 2508 vefim
1283 2477 1335 2494 -
1349 2457 1477 2532 magna
1487 2458 1690 2532 componere
1702 2436 1815 2533 parvis
1827 2437 1926 2511 liceat
1936 2440 1959 2531 l)
1986 2447 2190 2538 atquotan·

668 2559 749 2633 dem
781 2581 837 2631 me
867 2555 984 2631 animo
1019 2579 1093 2629 esse
1125 2552 1292 2639 censetis,
1328 2577 1439 2650 quum
1474 2552 1559 2627 baec
1585 2553 1760 2642 recordor,
1784 2579 1974 2655 wquumque
2003 2559 2049 2633 ad
2076 2583 2192 2634 meam

668 2665 817 2753 aetatem
838 2675 908 2749 iam
930 2672 1175 2772 provectiorem
1197 2678 1234 2745 et
1257 2671 1422 2745 sermonis
1441 2671 1510 2745 mei
1526 2677 1715 2770 egestatem
1737 2696 1836 2746 mens
1860 2697 1937 2748 mea
1958 2677 2012 2750 vel
2028 2677 2193 2777 cogitatio

668 2797 768 2872 redit.
818 2795 896 2868 Etsi
922 2793 1036 2882 enim,
1071 2815 1182 2890 quum
1207 2791 1281 2890 ipse
1303 2790 1417 2865 adhue
1441 2791 1574 2865 iuvenis
1600 2789 1725 2864 studiis
1752 2814 1892 2889 operam
1916 2816 2099 2884 navarem,
2124 2795 2192 2870 La-

667 2918 740 2991 tine
770 2912 942 2989 scribendi
973 2918 1009 2985 et
1040 2909 1205 3008 loquendi
1237 2909 1333 2984 baud
1368 2934 1508 3008 prorsus
1539 2911 1681 3009 ignarus
1716 2910 1771 2984 vel
1796 2911 1955 2985 insuetus
1988 2912 2115 2988 fuerim
2142 2959 2193 2976 -

669 3034 797 3110 scilicet
818 3031 883 3107 hoe
906 3040 1008 3130 turpe
1029 3055 1069 3105 ac
1087 3029 1247 3104 dedecori
1267 3030 1479 3104 censendum
1495 3029 1618 3104 fuisset
1639 3028 1807 3128 discipulo
1829 3055 1849 3102 e
1872 3031 2043 3129 Lennepii
2066 3031 2193 3106 scholis

666 3153 818 3253 profecto
840 3195 892 3212 -
915 3175 1008 3226 nunc
1032 3157 1171 3238 tamen,
1206 3173 1308 3237 cum,
1341 3156 1421 3248 post
1451 3149 1701 3224 Academicum
1726 3149 1878 3222 stadium
1902 3149 2105 3238 decursum,
2139 3152 2190 3223 vi·

667 3273 773 3373 giuti,
798 3279 834 3345 et
858 3271 953 3369 quod
977 3269 1146 3357 excurrit,
1171 3268 1254 3343 anni
1275 3269 1498 3367 praeterlapsi
1524 3267 1613 3356 sint,
1638 3268 1732 3342 huno
1756 3266 1873 3342 Latini
1894 3268 2060 3342 sermonis
2084 3293 2190 3343 usum

667 3393 754 3467 mihi
775 3415 915 3490 prorsus
940 3389 976 3462 in
1000 3388 1264 3462 desuetudinem
1286 3387 1412 3461 abiisse
1428 3397 1476 3446 -'-
1498 3389 1645 3487 quisque
1666 3431 1716 3446 -
1737 3387 1790 3461 vel
1809 3412 1866 3461 me
1888 3395 2022 3463 tacente
2037 3389 2190 3462 -satis

667 3511 856 3610 intelliget,
890 3517 926 3582 ct
968 3507 1055 3582 mihi
1091 3507 1243 3606 ingenue
1282 3506 1370 3580 illud
1398 3507 1575 3582 confitenti
1606 3506 1705 3582 facile
1736 3506 1957 3582 condonabit.
2007 3507 2190 3582 Accedunt

669 3631 795 3706 eximia
829 3629 931 3728 plane
957 3653 1039 3726 erga
1062 3626 1260 3726 disciplinas
1292 3625 1385 3714 illas,
1418 3651 1506 3726 quas
1540 3627 1712 3702 docendas
1742 3651 1781 3701 uc
1808 3627 2003 3702 tractandas
2031 3628 2188 3726 suscepi,

666 3753 902 3824 Roraaansu
927 3747 1060 3822 merite.
1113 3748 1214 3823 Quae
1242 3754 1373 3844 quanta
1402 3755 1437 3820 et
1469 3747 1585 3845 qualia
1611 3746 1739 3822 fuerint
1763 3749 1838 3847 ipsa
1858 3759 2006 3824 mortem
2034 3750 2108 3824 eins
2134 3750 2186 3824 lu-

667 3893 755 3968 gens
787 3866 928 3965 agnovit
956 3865 1144 3939 Academia
1174 3865 1377 3942 Traiectina.
1429 3867 1535 3944 Quod
1559 3875 1595 3942 et
1618 3893 1677 3943 vos
1704 3892 1786 3966 prae
1808 3867 1884 3942 aliis
1908 3876 2122 3968 compertum
2151 3876 2189 3942 et

668 3992 886 4087 perspectum
919 3983 1075 4070 habetis,
1107 3982 1184 4056 Viri
1214 3983 1422 4059 Clarissimi!
1458 3986 1519 4083 qui
1540 3986 1871 4062 desideratissimum
1894 3988 2007 4061 virum
2029 3996 2101 4062 tam
2125 3987 2189 4062 diu

668 4107 818 4182 fraterno
841 4102 991 4202 amplexi
1013 4103 1095 4177 estis
1116 4105 1250 4178 amorel
1277 4111 1312 4178 et
1335 4129 1411 4194 vos,
1437 4105 1568 4212 egregii
1589 4107 1755 4181 Iuvenes!
1789 4108 1850 4205 qui
1873 4109 2107 4182 Rovsaumn
2135 4107 2187 4181 di·

669 4226 809 4326 scipulis
848 4249 906 4298 vos
942 4247 1082 4321 quoque
1117 4223 1394 4298 annumerandos
1427 4249 1501 4298 esse
1537 4231 1628 4298 recte
1659 4225 1873 4322 gloriamini,
1907 4235 1942 4302 et
1973 4226 2189 4302 dilectissimi

667 4343 901 4445 Praeceptoris
933 4343 1120 4442 imaginem
1154 4351 1190 4417 et
1220 4344 1441 4430 memoriam,
1475 4342 1570 4417 haud
1597 4368 1751 4442 unquam
1775 4347 1981 4444 perituram,
2014 4345 2121 4420 veluti
2148 4346 2187 4418 in

667 4467 780 4542 cordis
808 4463 1042 4564 penetralibus
1071 4462 1283 4538 reconditam
1308 4464 1469 4551 servatis,
1495 4463 1540 4537 ad
1564 4488 1687 4562 rogum
1710 4488 1821 4562 usque
1848 4466 1906 4564 pio
1928 4490 2045 4540 amore
2071 4464 2185 4540 colen·

669 4585 769 4660 daml
820 4582 918 4661 Quid
938 4582 1088 4681 denique
1110 4606 1375 4657 commemorem
1398 4590 1609 4681 temporum,
1635 4608 1725 4681 quae
1746 4583 1910 4674 vivimus,
1934 4585 2185 4672 conditionem,

666 4702 982 4804 ingravescentibus
1014 4702 1051 4776 in
1085 4702 1159 4777 dies
1189 4701 1326 4790 litibus,
1362 4709 1435 4776 tam
1473 4707 1644 4778 commota
1676 4709 1711 4778 et
1742 4709 1814 4778 tam
1844 4706 2063 4802 perturbata,
2093 4729 2186 4803 quse

667 4822 865 4899 Academici
897 4821 1067 4910 muneris,
1103 4823 1198 4920 quod
1230 4821 1317 4898 mihi
1345 4823 1561 4922 imponatur,
1594 4850 1700 4914 onus,
1730 4848 1865 4923 semper
1897 4851 2000 4925 grave
2026 4825 2113 4902 illud
2143 4850 2187 4899 ac
