4892 6184
891 705 1170 778 orario.
1769 710 1789 776 s
1911 807 1915 810 ἢ

268 847 297 876 ¹⁰
1797 862 1805 897 ι

276 912 511 1014 pharmaciae,
533 911 708 1006 chemiae,
736 913 896 992 botaniae
916 925 952 992 et
974 914 1136 991 anconae
1155 913 1306 992 naturali
1318 937 1460 1014 operam
1473 913 1629 1005 navavit,
1648 922 1788 992 auctore

240 1069 244 1078 =
275 1043 381 1135 atque
408 1034 564 1111 adiutore
587 1034 713 1126 fratre,
745 1060 851 1135 quem
876 1035 1072 1112 studiorum
1098 1035 1223 1111 ducem
1250 1033 1374 1110 habuit
1394 1033 1642 1134 felicissimum.
1691 1035 1788 1113 Iati-

274 1179 340 1231 nae
367 1179 507 1254 quoque
534 1154 674 1256 linguae
700 1156 836 1245 studio,
861 1181 967 1256 quam
992 1163 1113 1257 postea
1137 1162 1210 1232 tam
1235 1154 1373 1254 egregie
1399 1153 1565 1246 callebat,
1589 1163 1675 1231 tunc
1699 1163 1788 1233 tem·

274 1275 367 1373 poris
387 1274 544 1351 animum
566 1275 756 1377 applicasse
780 1276 927 1352 videtur.
1349 1277 1355 1286 ’
1566 1365 1573 1374 ,
1916 1286 1921 1298 ‘

327 1393 403 1468 Hoc
428 1394 496 1469 sibi
518 1403 636 1470 tamen
657 1420 726 1471 non
743 1396 959 1497 propositum
971 1395 1261 1472 Rarrwsaarrns
1273 1390 1444 1480 habebat,
1465 1395 1786 1494 ntvitamin'phar·

275 1514 475 1590 macenticis
507 1515 632 1589 studiis
655 1525 834 1614 perageret
858 1516 1013 1612 adeoque
1037 1539 1078 1588 ea
1104 1511 1426 1612 perexcellentium
1449 1512 1594 1604 coleret;
1627 1514 1690 1589 sed
1714 1537 1787 1590 me·

274 1633 409 1710 dicinae
433 1657 573 1731 operam
594 1633 676 1708 dare
698 1633 923 1707 constituerat
949 1639 1091 1732 eratque
1114 1632 1150 1705 in
1174 1656 1216 1706 eo
1237 1639 1277 1706 ut
1297 1631 1522 1731 Goettingam
1541 1659 1579 1708 se
1598 1633 1786 1722 conferret,

273 1750 336 1825 nbi
356 1749 551 1826 academica
579 1751 632 1825 uti
658 1751 1110 1842 institutioneqdecreverat,
1136 1774 1267 1849 quum,
1292 1751 1430 1851 egregie
1455 1751 1530 1827 eins
1553 1754 1696 1828 scientie
1715 1753 1786 1828 dis·

274 1869 480 1968 ciplinarum
509 1871 721 1947 naturalium
746 1871 784 1946 in
810 1860 923 1969 patria
951 1863 1068 1946 nostra
1099 1877 1295 1970 perspecta,
1326 1894 1418 1945 anno
1449 1873 1544 1946 1800
1573 1873 1786 1948 Scnscarro

272 1996 409 2064 mortuo
430 1989 466 2065 in
488 2015 632 2067 vacuam
650 1971 860 2067 Academiae
874 1990 1158 2066 Hardervicens'is
1175 1990 1374 2066 cathedram
1397 1998 1593 2080 vocaretur,
1612 1992 1698 2066 dum
1715 1991 1786 2066 iam

271 2116 351 2184 ante
382 2109 521 2185 honoris
554 2136 658 2187 cansa
682 2111 939 2212 philosophiae,
976 2110 1237 2209 medicinaeque
1276 2109 1395 2184 doctor
1427 2117 1519 2184 esset
1550 2110 1785 2207 renunciatus.

270 2229 338 2304 Die
363 2229 498 2305 decimo
526 2232 657 2306 mensis
684 2231 780 2304 Iunii
813 2233 896 2305 anni
919 2233 1012 2304 1801
1040 2232 1331 2306 Rnruwasnrsue
1353 2253 1483 2302 munus
1504 2229 1591 2305 obiit
1612 2231 1784 2306 oratione:

275 2350 341 2423 ade
373 2350 494 2426 ardore
521 2375 592 2448 quo
617 2348 793 2428 Historiae
823 2347 988 2424 matruelis
1016 2354 1052 2422 ct
1083 2345 1255 2447 imprimis
1277 2345 1461 2422 Batanices
1490 2348 1638 2422 cultores
1660 2351 1698 2422 in
1722 2375 1785 2424 sua

273 2467 412 2542 cstudia
432 2469 626 2544 feruntur.’'

258 2643 261 2652 .
321 2587 365 2660 In
388 2611 429 2661 ea
448 2587 622 2677 eratione,
645 2613 735 2687 quae
757 2612 895 2664 summo
918 2589 994 2663 inre
1015 2588 1085 2663 stili
1106 2594 1143 2662 et
1166 2587 1306 2686 lingrme
1320 2587 1494 2686 exemplar
1507 2588 1673 2677 hahetur,
1698 2615 1783 2690 qna·

270 2731 339 2805 que
359 2706 648 2784 Rurnwaanrrus
664 2731 842 2783 summum
861 2715 1004 2784 naturae
1024 2707 1253 2808 explorandae
1271 2714 1308 2782 et
1329 2708 1586 2806 cognoscendae
1606 2709 1784 2799 ardorem,

270 2851 341 2925 quo
364 2825 557 2918 ferebatur,
581 2829 719 2930 egregie
741 2828 912 2916 ostendit,
945 2827 1165 2903 viridissimis
1192 2825 1364 2902 coloribus
1389 2827 1501 2902 officia
1520 2828 1615 2917 cius,
1640 2829 1702 2927 qui
1722 2855 1783 2905 na·

271 2957 370 3022 turae
393 2948 556 3047 mysteria
577 2957 682 3049 atquc
704 2973 827 3024 arcana
846 2948 987 3050 penitus
1008 2947 1216 3049 perscrutari
1235 2945 1303 3022 sibi
1321 2946 1501 3045 proponit,
1525 2947 1783 3047 depinguntur,

269 3067 375 3166 idque
397 3068 547 3144 maxime
570 3069 694 3166 nititur
722 3068 975 3145 demonstrare:
1009 3091 1148 3144 necesse
1179 3091 1255 3141 esec
1283 3072 1323 3140 ut
1346 3065 1424 3140 illae
1450 3066 1689 3167 indagationes
1713 3093 1784 3144 non

269 3211 340 3262 una
363 3187 456 3262 orbis
482 3193 649 3264 terrarum
670 3189 809 3288 regione
825 3187 1012 3278 finiantur,
1037 3187 1099 3263 sed
1122 3211 1228 3286 quam
1251 3184 1418 3260 latissime
1437 3187 1681 3264 extendantur.

322 3307 497 3384 lNaturae
531 3308 722 3407 templum,
755 3308 823 3398 ait,
855 3307 1035 3383 universus
1066 3330 1137 3405 qua
1164 3305 1233 3380 late
1262 3311 1360 3404 patet
1392 3314 1561 3381 terrarum
1576 3306 1684 3381 orbis
1710 3315 1783 3397 est;

272 3427 394 3518 nhnnc„
416 3427 512 3503 adire
539 3435 694 3530 oportet,
727 3427 820 3503 hunc
853 3427 1048 3528 pervagari,
1082 3427 1120 3500 in
1150 3451 1191 3501 eo
1223 3425 1516 3524 peregrinandum
1553 3436 1608 3502 est
1639 3437 1783 3504 naturae

271 3548 561 3637 retentoribus,
587 3551 617 3623 si
643 3572 744 3622 nosse
767 3547 874 3623 velint
896 3548 982 3646 quid
1009 3554 1134 3622 natma
1155 3546 1259 3622 faciat
1277 3552 1340 3620 aut
1364 3545 1488 3621 ferat.”

315 3668 373 3741 An
406 3693 447 3742 eo
480 3667 550 3744 iam
580 3675 735 3768 tempore
763 3668 908 3743 ardebat
941 3668 1058 3743 studio
1088 3709 1140 3728 -
1174 3665 1278 3741 verba
1308 3673 1391 3736 sunt
1419 3665 1523 3738 unius
1554 3691 1598 3740 es
1628 3665 1784 3744 defuncti

269 3785 388 3859 amicis
421 3805 472 3846 ⁴-
502 3788 731 3888 explorandae
758 3796 902 3862 naturae
939 3785 1129 3860 maiestatis
1162 3785 1198 3857 in
1229 3783 1314 3880 ipsis
1345 3782 1544 3880 regionibus
1570 3784 1709 3884 tropicis
1732 3833 1783 3850 --

269 3895 568 4003 praesentiebatne
590 3906 817 4006 provinciam,
843 3928 949 4003 quam
972 3904 1104 4004 aliquot
1126 3903 1227 3977 annis
1246 3892 1326 4001 post
1349 3913 1439 3976 esset
1462 3909 1711 4004 suscepturus?

316 4021 509 4100 Multilaria
526 4033 599 4100 erat
616 4024 776 4114 materia,
795 4024 833 4099 in
846 4048 917 4122 qua
932 4024 1202 4100 Ramwsanrro
1214 4021 1418 4098 Hardervici
1429 4025 1760 4106 eratelaborandum
1769 4066 1779 4119 ;

268 4165 338 4217 non
369 4142 481 4218 solum
520 4143 679 4220 botaniae
710 4144 773 4219 aed
806 4145 911 4220 etiam
943 4145 1098 4220 chemise
1131 4150 1167 4217 et
1201 4141 1364 4218 historiae
1394 4145 1561 4219 naturalis
1593 4147 1626 4220 ei
1654 4147 1781 4250 obtigit

271 4262 504 4338 docendarum
522 4265 712 4364 provincia;
723 4265 859 4355 omnia,
878 4289 969 4364 quae
981 4264 1136 4341 chemise
1149 4271 1185 4339 et
1197 4262 1358 4339 botaniae
1373 4262 1537 4339 docendis
1552 4266 1780 4363 explicandis·

270 4405 339 4479 que
368 4393 509 4481 pessent
535 4385 718 4476 inservire,
751 4386 900 4485 pessime
926 4392 1025 4460 erant
1051 4384 1188 4474 habita,
1213 4383 1317 4473 dum,
1343 4383 1489 4460 durante
1511 4394 1547 4460 et
1570 4395 1780 4486 aggravante

267 4503 492 4577 antecessoris
533 4505 674 4595 morbo,
710 4506 846 4604 Hortus
878 4505 1060 4581 botanicus
1095 4513 1131 4580 et
1166 4503 1453 4580 Laboaeriuw
1469 4512 1647 4604 mntopere
1681 4516 1780 4582 erant
1853 4567 1860 4574 .

266 4619 444 4719 neglecta,
477 4628 517 4697 ut
548 4623 592 4699 de
614 4650 704 4700 novo
728 4626 799 4701 fere
827 4634 943 4702 essent
969 4625 1183 4702 instruenda.
1243 4623 1350 4703 Quod
1378 4630 1494 4700 tamen
1526 4649 1663 4701 summo
1696 4649 1779 4702 cum

266 4739 383 4814 studio
412 4740 508 4816 brevi
538 4744 700 4842 perfecit,
733 4746 783 4823 ita
817 4753 858 4822 ut
889 4747 1084 4824 academica
1113 4744 1286 4821 institutio
1315 4768 1379 4843 pro
1410 4754 1607 4846 temporum
1645 4745 1777 4822 ratione
1900 4735 1903 4740 ¹

264 4860 474 4959 procederet.
535 4863 652 4940 Crevit
684 4865 812 4941 deinde
842 4869 955 4968 magis
980 4868 1182 4968 magisque,
1210 4889 1322 4965 eaque
1351 4863 1462 4957 varie,
1496 4867 1557 4942 illa
1582 4866 1779 4943 studiorum

1026 5019 1031 5028 ·
1511 4990 1534 5062 2
