4892 6184
875 691 1151 764 outr10.
1729 695 1772 762 tr

121 879 126 885 ⁵
257 900 483 1005 neglexerint,
505 900 601 1002 quod
619 899 761 1000 quidem
782 902 993 1003 experientia
1010 903 1115 981 luerit
1134 897 1322 1006 probatum
1335 909 1373 978 et
1387 922 1456 978 usn
1469 901 1772 989 commendatum,

258 1049 369 1124 quum
391 1023 459 1125 ipsi
485 1029 596 1099 artem
618 1021 733 1098 eonati
758 1023 828 1099 sint
845 1049 908 1124 pro
927 1024 1016 1100 virili
1037 1033 1135 1126 parte
1156 1043 1373 1124 promovere,
1397 1045 1524 1124 augere
1543 1031 1579 1099 et
1598 1042 1772 1099 exornare.

308 1145 390 1220 Non
410 1144 545 1232 omnia,
567 1165 658 1243 quac
680 1144 774 1243 apud
795 1152 929 1221 exteras
948 1154 1071 1246 gentes
1093 1152 1218 1221 novata
1233 1150 1340 1243 etque
1357 1137 1553 1244 proedicata
1568 1151 1669 1234 sunt,
1694 1165 1773 1218 nos·

256 1265 406 1340 tratibus
437 1264 609 1366 placuisse
643 1270 748 1362 atque
778 1267 944 1341 continno
963 1267 1001 1342 iu
1020 1267 1143 1368 proxin
1164 1265 1274 1340 foisse
1291 1263 1490 1339 introducta
1513 1263 1634 1339 honori
1656 1263 1772 1364 potius

255 1383 417 1484 equidem
454 1409 560 1484 quam
591 1383 750 1460 dedecori
781 1385 951 1462 duxerim.
1000 1388 1135 1463 Nature
1164 1385 1258 1462 euim
1282 1423 1332 1443 -··
1353 1405 1417 1459 nec
1450 1393 1505 1460 est
1530 1385 1625 1483 quod
1650 1402 1772 1483 quera·

256 1527 335 1578 mur
367 1545 418 1562 -·
450 1510 570 1579 cautos
613 1526 677 1576 nos
715 1502 815 1577 finxit
847 1511 952 1602 atque
985 1505 1194 1602 prudentes,
1235 1525 1350 1602 nequo
1382 1512 1511 1579 temere
1545 1504 1773 1604 excipientes,

255 1645 496 1721 quaecumque
533 1629 629 1696 aetas
669 1621 838 1696 bonorum
882 1645 992 1720 aeque
1035 1649 1076 1698 ac
1113 1624 1285 1698 malorum
1315 1623 1412 1699 ferax
1443 1624 1636 1724 protrudit,
1668 1646 1773 1724 quae·

255 1766 406 1842 cumque
436 1765 542 1816 vanae
576 1740 704 1840 gloriae
734 1742 838 1815 nimis
859 1741 1005 1816 studiosi
1028 1743 1124 1818 nullo
1147 1765 1216 1817 non
1242 1741 1300 1816 die
1320 1743 1512 1819 enituntur.
1562 1746 1679 1823 Quam
1700 1744 1774 1819 dixi

254 1863 370 1962 gentis
402 1869 539 1954 nostrae
570 1859 743 1949 indolem,
777 1860 853 1936 eins
889 1882 1085 1961 expressam
1123 1862 1293 1962 adspiciet
1336 1863 1545 1963 imaginem,
1591 1864 1654 1963 qui
1690 1864 1774 1938 artis

257 1980 619 2080 medico-chinugicae
653 1980 743 2056 inter
772 1982 920 2056 Batavos
957 1979 1135 2058 historiam
1167 1983 1400 2083 perlustrarit;
1441 1984 1512 2058 alta
1542 1990 1658 2058 mente
1690 1982 1773 2058 artis

255 2098 409 2174 medicae
440 2099 590 2174 alumnis
617 2098 780 2174 manebat
803 2099 1012 2200 repositum,
1043 2126 1114 2176 non
1146 2103 1254 2177 solnm
1283 2110 1393 2178 artem
1416 2104 1495 2204 egi,
1524 2104 1587 2178 sed
1611 2104 1774 2179 vitamet

255 2219 438 2295 sanitatem
472 2218 724 2308 laborantium,
760 2243 908 2318 quorum
943 2219 1010 2293 sibi
1040 2243 1123 2294 cura
1153 2227 1244 2294 esset
1278 2220 1452 2295 mandate.
1507 2221 1633 2319 Neque
1666 2221 1774 2320 igitur

254 2338 322 2414 sibi
343 2363 418 2412 esse
437 2336 571 2412 licitum
592 2344 673 2410 sunt
691 2336 864 2424 arbitrati,
889 2336 1047 2436 neglecta
1067 2335 1121 2410 vel
1141 2337 1258 2412 minus
1273 2339 1434 2438 religiose
1450 2340 1773 2438 procuratacivium

254 2471 290 2532 et
320 2458 469 2533 civitatis
502 2456 634 2545 salute,
666 2457 827 2530 remediis
847 2456 900 2530 uti
925 2457 1082 2531 nondum
1107 2457 1152 2530 ab
1175 2457 1271 2532 omni
1291 2465 1389 2558 purte
1413 2460 1566 2559 probatis
1591 2468 1626 2535 et
1651 2460 1773 2535 sufful-

254 2577 319 2666 tis;
346 2597 417 2676 qua
445 2575 684 2674 chirurgorum
708 2575 867 2675 religiosa
891 2582 927 2649 et
953 2576 1055 2650 anxia
1078 2599 1160 2650 cura
1183 2576 1314 2651 factum
1339 2585 1411 2666 est,
1437 2587 1478 2652 ut
1498 2580 1646 2654 funestis
1667 2579 1774 2655 absti-

253 2697 432 2772 nuerimus
465 2695 657 2785 erroribus,
692 2695 753 2793 qui
783 2721 803 2769 e
833 2695 941 2769 ninda
971 2694 1190 2772 festinatione
1220 2695 1316 2772 nasci
1344 2698 1456 2773 solent
1478 2699 1615 2796 artique
1635 2703 1773 2774 nostrae

254 2817 405 2893 maximo
433 2823 515 2890 sunt
541 2799 749 2891 detrimento
770 2824 805 2891 et
829 2814 997 2892 dedecori.

305 2936 568 3026 Gonditionem,
600 2936 636 3010 in
673 2961 744 3035 qua
773 2935 947 3037 chirurgia
981 2937 1076 3037 apud
1113 2943 1285 3013 nostrates
1308 2945 1462 3014 versetur
1497 2937 1774 3038 pensitantibus,

254 3081 329 3132 esse
365 3056 437 3132 dixi
471 3081 541 3154 quo
577 3057 800 3147 laetaremur3
838 3058 900 3132 sed
935 3083 1004 3134 non
1040 3059 1189 3149 desunt,
1224 3059 1376 3159 ingenue
1408 3059 1503 3134 enim
1534 3059 1648 3136 dicam
1679 3060 1775 3159 quod

256 3176 389 3266 sentio,
424 3176 553 3274 quibus
588 3177 785 3267 doleamus,
826 3203 915 3278 quae
950 3179 1185 3255 desideramus
1212 3186 1248 3254 et
1278 3188 1527 3278 exspectamus.
1577 3181 1773 3281 Inprimis

253 3295 526 3395 impedimentis,
572 3296 701 3394 quibus
738 3297 890 3398 chirurgi
921 3299 990 3374 acri
1028 3299 1144 3375 studio
1177 3306 1401 3399 properantes
1433 3301 1672 3387 retardantur,
1708 3325 1769 3374 no·

253 3414 455 3491 minaverim
486 3416 740 3493 institutionem
773 3417 931 3493 clinicam
961 3418 997 3491 in
1031 3426 1148 3493 nostra
1184 3418 1296 3517 petris
1327 3417 1431 3493 nimis
1457 3418 1617 3518 augustis
1642 3412 1772 3493 finibus

254 3561 328 3612 esse
368 3535 659 3636 circumscriptam
671 3571 680 3626 ;
714 3537 909 3612 nosocomia
940 3537 1082 3612 minoris
1102 3537 1270 3612 momenti
1294 3562 1368 3610 esse
1394 3545 1430 3610 et
1462 3536 1639 3622 ambitus,
1665 3561 1771 3635 quam

254 3679 344 3753 quae
363 3655 574 3731 institutioni
595 3657 750 3733 medicae
773 3658 874 3757 plane
899 3657 1079 3731 sufficiant.
1127 3657 1268 3729 Mutata
1288 3662 1324 3728 et
1347 3655 1531 3729 emendata
1552 3654 1771 3730 institutione

254 3774 375 3851 clinica
407 3800 495 3873 opus
527 3801 603 3851 esse
641 3801 752 3875 quum
789 3776 966 3875 peritiores
998 3775 1129 3873 quique
1170 3775 1381 3863 concedunt,
1422 3782 1498 3848 tum
1535 3774 1628 3849 vario
1666 3774 1770 3850 modo

256 3895 340 3970 verii
364 3896 478 3968 conati
501 3903 583 3970 sunt
605 3895 787 3992 emendare
812 3895 908 3993 quod
932 3894 1113 3982 vitiosum,
1144 3919 1324 3984 mancum,
1357 3896 1517 3994 ineptum
1539 3918 1615 3968 esse
1642 3894 1769 3971 olama-

255 4023 338 4089 runt
364 4038 485 4088 omnes
510 4022 546 4087 et
576 4015 716 4090 fuerunt
737 4014 926 4114 conquesti.
976 4017 1094 4114 Atque
1117 4014 1218 4090 velim
1239 4015 1310 4089 imo
1331 4021 1468 4114 pectore
1490 4037 1610 4089 omnes
1629 4039 1768 4112 persen·

257 4135 400 4223 timent,
434 4140 584 4233 quantae
617 4135 701 4210 hoec
732 4160 787 4210 res
821 4134 866 4209 sit
896 4133 1083 4233 gravitatis.
1134 4134 1178 4210 In
1206 4134 1424 4210 institutione
1454 4133 1575 4209 clinica
1602 4133 1767 4208 nimirum

256 4253 444 4342 tradenda,
479 4253 679 4354 disciplinae
710 4253 1071 4353 medico-chirurgicos
1105 4255 1208 4329 cardo
1243 4264 1296 4329 est
1329 4255 1474 4354 positus.
1525 4255 1606 4356 Quo
1641 4253 1769 4328 maiore

257 4373 492 4473 exemplorum
524 4398 668 4450 numero
702 4375 865 4449 discentis
896 4383 1044 4474 augetur
1075 4373 1286 4473 experientis
1312 4383 1348 4448 et
1383 4379 1557 4449 acuuntur
1590 4372 1701 4462 oculi,
1726 4397 1768 4447 eo

256 4491 486 4569 confidentius
516 4519 650 4593 sperare
682 4520 868 4595 possumus
900 4494 972 4568 fore
1006 4500 1047 4568 ut
1078 4500 1209 4581 ortem,
1244 4519 1314 4592 quo
1335 4494 1463 4569 civium
1492 4493 1596 4568 saluti
1617 4500 1653 4566 et
1677 4493 1767 4570 vitae

257 4611 481 4713 prospicitur,
516 4614 599 4704 rite,
636 4623 736 4690 caute
770 4623 806 4690 et
838 4615 1083 4715 circumspecte
1115 4621 1280 4689 exerceat.
1340 4614 1411 4688 Ubi
1445 4614 1561 4689 sordet
1596 4613 1769 4689 institutio

258 4733 398 4821 clinica,
444 4733 495 4808 ibi
538 4724 641 4810 saluti
684 4736 811 4811 civium
850 4735 967 4811 minus
1004 4735 1093 4812 bene
1130 4741 1351 4835 prospectum
1389 4717 1425 4808 et
1460 4734 1505 4810 ab
1544 4733 1608 4808 hac
1645 4732 1767 4810 saltem

258 4863 354 4953 purte
390 4876 459 4928 non
494 4863 546 4928 est
584 4856 781 4955 provisum,
822 4880 866 4932 ne
911 4856 997 4956 quid
1038 4855 1230 4956 respublica
1265 4856 1464 4933 detrimenti
1498 4854 1622 4956 capiat.
1681 4853 1767 4929 Om-
