4892 6184
706 605 748 670 54
1348 601 1581 669 laureis.

752 817 884 916 Aperta
915 811 1078 888 schedula
1108 810 1266 886 constitit
1293 818 1468 886 auctorem
1497 835 1574 885 csse
1597 809 1841 883 Gammausa
1863 809 2108 886 Faanrarcurr
2134 813 2221 888 Rar-

704 957 823 1012 sramr
853 935 1063 1020 Soarnoaa,
1091 931 1293 1008 Matheseoa
1317 941 1354 1006 et
1381 930 1625 1030 Philosophiae
1652 928 1820 1004 naturalis
1843 928 1881 1003 in
1911 931 2100 1007 Academia
2125 933 2221 1032 Img·

704 1057 945 1132 dunoBetava
968 1051 1205 1128 candidatum.

1158 1431 1346 1530 roardus
1368 1433 1537 1498 oanrars
1559 1431 1753 1500 rcroaua.

749 1661 847 1734 Ordo
867 1660 1021 1734 Ictorum
1042 1654 1089 1730 ad
1112 1655 1370 1752 quaestionem:
1399 1657 1607 1742 sInstituti,
1627 1679 1699 1754 quo
1721 1654 1850 1728 summi
1867 1653 2093 1753 Reipublicae
2111 1657 2222 1732 admi·

706 1779 832 1855 anistri
853 1775 1104 1878 procurationis
1139 1799 1222 1850 auae
1252 1776 1403 1850 rationes
1426 1775 1572 1850 reddere
1604 1781 1784 1862 tenentur,
1816 1782 1960 1862 natura,
1995 1777 2110 1876 orioro,
2142 1803 2220 1876 pro·

704 1932 721 1968 n
730 1924 888 2000 gressus,
919 1897 1101 1972 commoda
1133 1905 1169 1970 et
1198 1895 1419 1972 inoommoda
1441 1903 1659 1996 exponantur
1667 1897 1690 1926 ''
1717 1919 1824 1970 unam
1850 1896 1982 1995 aooepit
2002 1897 2220 1998 scriptionem

699 2020 900 2119 insignitam
924 2018 1109 2093 lemmate:
1142 2017 1213 2090 rIn
1234 2017 1371 2116 magnis
1391 2016 1498 2090 rebus
1521 2024 1558 2090 et
1583 2015 1733 2090 soluisse
1755 2023 1810 2090 sat
1832 2017 1922 2090 est.''
1960 2015 2072 2091 (luins
2091 2019 2220 2093 auctori

702 2141 799 2214 Ordo
825 2163 895 2214 non
915 2137 1057 2238 quidem
1088 2136 1332 2234 denegandam
1354 2136 1492 2211 censuit
1510 2136 1652 2210 laudem
1670 2136 1855 2236 singularis
1873 2137 2063 2211 industriae
2083 2138 2120 2211 in
2144 2164 2219 2237 per·

698 2259 894 2335 lustrandis·
919 2257 981 2357 qui
1008 2255 1193 2331 novissime
1215 2254 1262 2330 de
1284 2255 1349 2331 hac
1372 2255 1517 2331 materie
1542 2256 1663 2356 scripti
1687 2242 1771 2330 sunt
1793 2255 1910 2345 libris,
1944 2266 1980 2331 et
2006 2257 2220 2332 eonferendis

697 2381 774 2456 VV.
807 2381 891 2455 DD.
925 2377 1027 2452 vadis
1065 2377 1257 2452 sententiis.
1314 2377 1386 2451 Sed
1421 2377 1706 2476 quandoquidem
1740 2383 1860 2450 auctor
1894 2376 1940 2450 ab
1978 2378 2075 2451 omni
2111 2379 2220 2477 quali·

698 2523 836 2599 cunque
865 2497 994 2572 iudicio
1031 2495 1076 2570 de
1111 2496 1314 2594 quaestione
1345 2497 1522 2595 preposite
1549 2497 1719 2572 abstinuit
1726 2503 1755 2584 ς’
1766 2498 1852 2596 quin
1883 2497 1942 2572 vix
1963 2497 2155 2598 quidquem
2176 2499 2222 2572 de

699 2644 762 2695 suo
783 2617 839 2692 his
860 2615 1017 2714 undique
1047 2615 1198 2690 collectis
1223 2624 1260 2690 et
1282 2615 1464 2716 descriptis
1489 2605 1573 2691 lo'cis
1598 2616 1752 2706 addidit;
1774 2625 1810 2692 et
1833 2642 1879 2692 ne
1903 2619 2058 2717 singulas
2078 2619 2220 2717 quidem

699 2738 898 2838 opiniones,
919 2759 989 2810 non
1007 2759 1083 2810 raro
1103 2735 1169 2810 sibi
1190 2735 1338 2811 invicem
1356 2737 1597 2825 adversantes,
1617 2736 1830 2836 perpendere
1849 2746 1993 2814 conatus
2010 2746 2085 2828 est,
2106 2739 2220 2813 vismn

698 2867 751 2932 est
775 2857 917 2944 Ordini,
942 2855 1135 2956 praemium
1160 2854 1213 2930 illi
1237 2856 1375 2932 decerni
1398 2881 1468 2932 non
1493 2881 1606 2956 posse.

747 2976 805 3052 Ad
841 2977 983 3052 alteram
1015 2977 1275 3075 quaestionem,
1306 2978 1352 3053 ab
1380 2977 1513 3052 Ordine
1534 2979 1691 3054 Iotorum
1711 2977 1941 3078 propositam:
1983 2979 2222 3054 nInstituatur

702 3097 935 3196 noomperatio
962 3096 1053 3170 Iuris
1080 3097 1300 3172 Neerlendici
1324 3107 1360 3172 et
1379 3098 1520 3198 Anglici
1543 3099 1587 3173 de
1617 3097 1840 3174 societatibus
1875 3099 2115 3174 mercatoriis”
2148 3124 2220 3174 una

697 3216 819 3292 itidem
845 3215 913 3319 ipsi
938 3215 1054 3292 oblata
1079 3223 1134 3290 est
1153 3218 1349 3316 responsio,
1372 3218 1604 3318 superscripta
1623 3218 1795 3294 sententia
1810 3219 2035 3295 illustrissimi
2049 3221 2218 3295 Boanum

695 3339 815 3414 Pana:
856 3335 959 3410 oTell
981 3336 1040 3410 the
1063 3334 1202 3434 public,
1226 3337 1310 3436 they
1329 3346 1425 3412 must
1442 3338 1517 3436 rely
1541 3362 1637 3437 upon
1660 3339 1752 3414 their
1771 3365 1849 3415 own
1870 3341 2133 3442 vigilance....”
2150 3351 2215 3418 oet.

696 3457 801 3536 Quod
822 3479 930 3556 opus,
957 3455 1037 3530 licet
1061 3455 1157 3530 haud
1178 3479 1291 3554 psum
1314 3457 1351 3530 in
1371 3482 1413 3532 eo
1434 3457 1673 3547 inveniantur,
1693 3484 1784 3558 quae
1802 3461 2000 3550 abundare,
2023 3464 2108 3551 alia,
2128 3487 2219 3562 quae

695 3577 807 3652 fusius
841 3574 996 3675 exposita
1030 3600 1108 3650 esse
1136 3574 1339 3666 videantur,
1371 3585 1409 3652 et
1440 3602 1554 3652 sermo
1581 3603 1619 3652 se
1649 3579 1805 3654 bonitste
1830 3605 1954 3679 parum
1977 3583 2217 3671 commendet,

696 3705 813 3771 tamen
849 3695 950 3770 variis
981 3694 1123 3769 dotibus
1151 3695 1201 3770 ita
1229 3697 1383 3787 excedit,
1415 3705 1457 3771 ut
1489 3697 1710 3774 vehementer
1737 3699 1864 3774 Ordini
1890 3701 2068 3800 placuerit.
2119 3702 2217 3776 Scili-

699 3823 754 3890 cet
787 3812 971 3913 singularis
1002 3813 1163 3913 apparuit
1192 3816 1341 3890 auctoris
1370 3817 1542 3892 industria
1574 3818 1612 3892 in
1647 3818 1733 3917 ipsis
1760 3819 1915 3895 lontibus
1940 3821 2149 3920 indagandis
2180 3829 2218 3896 et

698 3933 1015 4011 laudatissimorum
1043 3959 1182 4032 quoque
1207 3943 1389 4012 auctomm
1415 3938 1637 4038 opinionibus
1662 3939 1911 4027 diiudicandis;
1939 3941 2091 4030 sooedit,
2121 3942 2217 4040 quod

668 4055 792 4132 -haud
823 4054 973 4153 vulgaris
1009 4053 1212 4129 eruditionis
1236 4057 1444 4133 documenta
1473 4057 1608 4145 adsint,
1645 4057 1863 4134 difficrdtates
1888 4061 2057 4160 denique,
2085 4061 2218 4159 quibus

697 4177 905 4276 comparatio
931 4174 1170 4252 institutorum
1198 4177 1388 4253 admodum
1412 4179 1627 4252 diversorum
1651 4179 1838 4275 premitur,
1869 4181 2013 4256 feliciter
2035 4187 2218 4279 superatae

697 4307 788 4374 sunt.
840 4297 1060 4397 Quapropter
1095 4296 1201 4372 huius
1236 4298 1538 4373 commentationis
1568 4298 1699 4372 auctori
1721 4300 1913 4400 preamium
1937 4302 2119 4376 decernere
2143 4324 2215 4374 non

697 4417 867 4492 dubitavit
892 4416 999 4490 Ordo.

746 4540 877 4635 Aperta
904 4534 1067 4612 schedula
1094 4545 1130 4612 et
1159 4537 1323 4620 examine,
1340 4539 1502 4615 instituto
1528 4547 1704 4616 auctorem
1733 4566 1770 4616 se
1791 4541 1949 4642 probavit
1974 4542 2216 4616 ornatissimus

698 4657 748 4730 vir
774 4655 908 4729 iuvenis
932 4654 1114 4730 Banasam
1138 4657 1327 4732 Ooaamm
1352 4659 1499 4735 Enaasr
1522 4662 1667 4755 Paoas,
1695 4663 1789 4737 Iuris
1815 4662 2032 4739 Candidatus
2060 4664 2097 4737 in
2122 4664 2216 4738 Aca·

697 4775 810 4852 demia
833 4773 1166 4875 higdeno-Batava.

1325 4953 1586 4964 -u-u——n—-n—ar
