4892 6184
869 695 1145 766 enarro.
1475 675 1482 688 '
1724 695 1768 762 aa

250 904 311 984 Ad
341 904 471 982 bonam
501 900 735 980 valetudinem
769 901 913 980 feliciter
944 905 1086 982 rediisse
1122 902 1402 982 Illustriasimum
1432 925 1507 976 vau
1531 904 1669 986 ltwrox
1692 907 1765 978 tcto

251 1024 369 1100 animo
394 1025 573 1101 laetamur.
623 1022 727 1100 Faxit
750 1022 847 1100 Deus
870 1025 1023 1125 optimus
1049 1026 1222 1102 maximus
1242 1030 1284 1098 ιιι
1308 1023 1519 1124 gravissimis
1542 1022 1766 1112 muneribus,

250 1145 297 1220 ad
316 1169 406 1244 quae
430 1151 571 1222 vocatus
594 1151 668 1233 est,
694 1144 757 1221 diu
778 1144 879 1246 fungi
895 1146 946 1221 illi
967 1148 1122 1237 evenmt5
1146 1153 1188 1220 ut
1207 1169 1270 1246 per
1291 1140 1432 1244 longam
1454 1167 1624 1220 annorum
1643 1143 1766 1219 seriem

251 1263 459 1341 Academiae
495 1272 633 1342 norbae
648 1293 653 1309 ¹
669 1266 859 1341 commodis
888 1267 1083 1367 prospicere
1098 1363 1103 1370 ι
1117 1271 1256 1342 maneat
1287 1263 1446 1340 columen
1480 1272 1517 1339 et
1543 1263 1765 1363 praesidium.

250 1383 323 1460 Vos
359 1409 500 1476 omnes,
535 1385 612 1462 Viri
647 1385 895 1464 Illustrissimi!
931 1389 1162 1475 confidenter,
1198 1384 1409 1485 quicumque
1429 1385 1467 1457 in
1487 1382 1552 1458 hac
1578 1385 1767 1458 Academia

249 1505 378 1582 artium
402 1507 665 1604 litterarumque
691 1531 813 1582 sumus
837 1509 1012 1596 doctores,
1037 1509 1215 1581 intuemur
1237 1503 1402 1602 vobisque
1422 1503 1588 1592 nitimur,
1614 1503 1765 1602 quoties-

250 1650 401 1723 cumque
428 1635 507 1700 vota
530 1627 677 1699 facimus
700 1625 744 1698 de
765 1626 974 1701 Academiae
994 1625 1155 1723 augendo
1175 1625 1259 1698 flore
1281 1630 1316 1697 et
1342 1623 1478 1699 iuribus
1501 1622 1726 1716 vindicandis.

301 1743 521 1843 Collegarum
547 1743 672 1819 deinde
695 1742 869 1842 frequenti
887 1745 1094 1844 perlustrato
1112 1752 1233 1832 coetu,
1257 1767 1367 1842 quum
1383 1744 1560 1832 omnium,
1581 1744 1644 1841 qni
1665 1767 1765 1842 supe·

248 1863 335 1937 riore
371 1887 462 1939 auno
494 1861 576 1936 huie
603 1861 809 1938 celebrando
834 1865 904 1938 diei
928 1865 996 1940 huc
1020 1871 1271 1953 convenerant,
1308 1863 1445 1938 nullum
1469 1863 1646 1951 desidere,
1681 1862 1765 1937 alte-

247 2006 326 2057 rum
357 1982 422 2058 hcc
454 1988 507 2057 eat
536 1983 631 2081 quod
656 1983 868 2062 vehimenter
891 1985 980 2060 laeto
1004 1985 1133 2084 pioque
1158 1985 1274 2060 animo
1297 1984 1384 2061 mihi
1412 1992 1449 2058 et
1478 1982 1576 2058 vobis
1601 1983 1766 2082 gratulor.

247 2103 297 2177 At
321 2102 491 2203 imprimis
512 2101 610 2177 vobis
632 2104 807 2202 gratulor,
830 2104 905 2178 Viri
928 2105 1120 2182 Clarissimi
1143 2107 1325 2180 Trcunsn
1339 2113 1376 2179 et
1388 2127 1464 2179 van
1474 2104 1653 2193 Hnaoun,
1679 2127 1767 2203 quos

247 2222 303 2298 hic
336 2223 476 2312 adesse,
509 2222 697 2298 senectutis
731 2224 894 2298 iniuriam
922 2250 986 2298 uec
1009 2250 1148 2322 corpore
1171 2249 1235 2299 nec
1254 2225 1394 2322 ingenio
1419 2217 1604 2323 animoque
1629 2247 1768 2322 perpes·

249 2368 325 2431 aas,
361 2366 465 2417 nemo
499 2342 617 2429 adest,
653 2349 745 2417 certe
777 2344 866 2431 scio,
902 2344 987 2441 quin
1022 2344 1151 2428 sincere
1174 2367 1312 2417 mecum
1334 2342 1498 2441 gaudeat.
1549 2343 1616 2415 Per
1639 2343 1769 2416 multos

248 2486 357 2538 annos
391 2471 538 2560 uterque
568 2460 776 2534 Academiae
808 2462 968 2558 augendo
994 2462 1167 2560 splendori
1194 2462 1301 2535 vitam
1320 2462 1479 2550 dicastis,
1505 2469 1611 2560 atque
1636 2462 1767 2537 uberri-

248 2605 323 2654 mos
345 2579 456 2678 operis
479 2577 584 2652 vestri
609 2585 714 2675 atque
736 2579 894 2652 diuturni
921 2579 1047 2653 laboris
1071 2579 1276 2653 laetissimos
1302 2581 1437 2654 tructus
1460 2581 1634 2679 percipere
1659 2581 1768 2657 licuit.

246 2702 325 2774 lam
352 2722 431 2772 vero
459 2696 530 2771 otio
557 2696 687 2794 optime
717 2697 840 2772 memte
871 2699 967 2773 vobis
996 2722 1176 2786 concesso,
1204 2699 1324 2794 otiosis
1350 2725 1427 2774 esse
1453 2700 1551 2774 vobis
1572 2724 1643 2775 non
1669 2701 1770 2777 licere

246 2818 450 2906 censuistis,
486 2815 548 2892 sed
579 2817 770 2892 multorum
801 2819 917 2893 studia
953 2818 1104 2894 consiliis
1137 2815 1260 2930 vestris
1290 2820 1453 2896 adium
1484 2821 1640 2921 pergitis.
1697 2820 1771 2895 Diu

247 2939 361 3013 adhuc
397 2944 570 3038 superstes
603 2937 704 3013 nobis
741 2947 814 3013 esto
842 2940 1022 3014 consilium
1049 2949 1200 3016 vestrum
1225 2947 1261 3014 et
1284 2941 1389 3030 ratio,
1416 2939 1603 3017 auctoritas
1629 2947 1666 3014 et
1693 2965 1770 3015 sen·

248 3059 373 3148 tentia,
406 3059 468 3133 diu
503 3065 616 3134 vestro
642 3055 800 3158 exemplo
827 3059 1012 3135 iuvenibus
1041 3057 1174 3135 fortiter
1209 3085 1250 3136 ae
1278 3069 1417 3136 strenue
1451 3061 1645 3136 nitentibus
1679 3061 1772 3135 viam

249 3187 457 3268 monstrate,
488 3204 557 3277 qua
583 3186 618 3254 et
637 3179 815 3278 proprium
840 3181 993 3256 excolere
1013 3181 1214 3281 ingenium,
1228 3189 1277 3255 et
1297 3181 1425 3255 civium
1445 3180 1580 3280 possint
1600 3181 1771 3257 illustrare

250 3300 393 3375 animos.
1317 3363 1321 3369 -

298 3422 347 3495 Ει
377 3427 536 3496 nostrum
560 3442 636 3494 vau
661 3443 736 3495 narr
758 3424 863 3496 Boon
890 3423 1042 3511 Musca,
1067 3423 1180 3498 vuum
1203 3421 1455 3510 clarissimum,
1481 3421 1622 3520 optimis
1646 3421 1771 3495 omini·

250 3541 317 3616 bus
352 3540 615 3642 prosequimur,
651 3541 713 3639 qui
747 3542 998 3617 reminiscendo
1031 3542 1162 3618 festum
1197 3542 1299 3616 illum
1325 3541 1417 3616 diem
1450 3540 1665 3638 recognovit,
1700 3564 1771 3637 quo

251 3667 331 3735 ante
363 3661 427 3741 hos
462 3663 508 3736 25
540 3685 649 3736 annos
677 3661 847 3737 chemiam
878 3662 1019 3760 publica
1052 3661 1256 3737 auctoritate
1284 3660 1418 3734 tradere
1441 3658 1572 3758 coepit;
1609 3658 1671 3757 qui
1697 3657 1771 3733 dies

251 3780 302 3854 illi
336 3782 544 3858 laetissimus
569 3783 714 3872 accidit,
740 3783 834 3882 quod
858 3782 1030 3878 collegae,
1056 3779 1217 3877 discipuli
1239 3785 1275 3852 et
1296 3778 1482 3854 familiares
1500 3776 1698 3876 insignibus
1721 3778 1772 3852 illi

252 3896 444 3997 probarunt
468 3900 638 3975 amicitiae
670 3907 706 3973 et
735 3897 997 3972 existimationis
1019 3897 1236 3972 documentis
1258 3897 1326 3971 sibi
1350 3920 1432 3972 eum
1455 3897 1548 3972 diem
1573 3895 1631 3970 vix
1653 3896 1771 3972 minus
1910 3911 1915 3918 ’

253 4042 328 4094 esse
360 4017 507 4106 fectum,
542 4026 681 4117 gratum
713 4024 748 4092 et
774 4016 968 4092 iucundum
989 4041 1096 4118 quam
1118 4015 1168 4091 illi
1188 4016 1266 4116 ipsi.
1316 4017 1390 4092 Diu
1410 4018 1511 4094 illum
1530 4025 1642 4092 servet
1665 4017 1769 4093 Sum-

254 4161 352 4213 mum
373 4138 536 4227 Numen,
562 4138 628 4212 arti
652 4162 758 4237 quam
784 4137 925 4226 excolit,
949 4137 1087 4226 amicis,
1113 4137 1310 4238 discipulis,
1333 4139 1474 4237 patriae.
1627 4130 1632 4133 ’

302 4258 382 4333 Tibi
396 4283 551 4359 quoque,
575 4259 629 4334 Ol.
646 4259 774 4347 Rrxu,
793 4258 956 4357 estquod
979 4281 1069 4333 anuo
1089 4258 1321 4357 praeterlapso
1345 4283 1388 4333 ex
1402 4259 1518 4334 animo
1536 4259 1768 4358 gratulemur,

256 4376 385 4476 quippe
422 4402 512 4477 quo,
548 4380 659 4455 auctis
695 4378 883 4454 honoribus
920 4378 1010 4467 tuis,
1046 4378 1091 4452 ab
1124 4379 1392 4454 extraordinario
1416 4379 1528 4454 factus
1546 4404 1584 4453 es
1609 4378 1768 4477 physices
1891 4363 1895 4370 ¹

254 4496 425 4596 professor
448 4499 650 4575 ordinarius.
679 4501 805 4601 Itaque
825 4499 915 4599 grati
936 4505 1169 4598 agnoverunt,
1192 4499 1254 4598 qui
1273 4499 1482 4574 Academiae
1504 4505 1641 4573 nostrae
1661 4498 1767 4572 rebus

251 4626 439 4716 praesunt,
460 4619 524 4693 riri
540 4607 895 4720 illustrissimi,qucd
916 4619 1036 4709 nobis,
1062 4619 1123 4717 qui
1140 4627 1175 4693 te
1194 4618 1353 4693 novimus
1367 4625 1404 4692 et
1423 4617 1617 4719 diligimus,
1633 4617 1768 4693 iamdiu

256 4745 331 4812 erat
352 4761 576 4838 persuasum,
601 4742 775 4842 egregiam
796 4765 890 4830 esse,
923 4765 993 4839 qua
1013 4739 1177 4839 physicen
1199 4745 1240 4813 ιιι
1262 4738 1405 4814 iuvenes
1426 4741 1566 4828 doceas,
1587 4738 1765 4814 rationem.

256 4857 383 4958 Perge,
396 4857 469 4936 Vir.
486 4859 684 4937 Clarissima
709 4861 753 4938 de
775 4862 819 4937 iis
840 4869 875 4937 et
898 4859 941 4936 de
955 4861 1144 4938 Academia
1160 4867 1296 4950 nostra,
1323 4868 1364 4936 ut
1384 4859 1490 4952 facis,
1512 4859 1602 4936 bene
1623 4859 1766 4935 mereri!
1917 4935 1925 4946 ,
