4892 6184
670 682 734 747 142
1243 674 1280 743 B.
1315 674 1611 741 assultu

668 888 843 974 dandum,
868 893 929 960 aut
953 882 1040 957 nihil
1062 904 1202 978 prorsus
1225 882 1272 955 ad
1295 906 1435 958 auream
1452 905 1572 982 pacem
1594 888 1631 955 et
1649 878 1937 979 tranquillitatem
1957 885 2184 961 revocandam

668 1014 759 1081 esset
790 1005 965 1105 agendum
1004 1007 1040 1075 et
1071 999 1346 1099 parichtandum.
1406 1002 1521 1077 Immo
1544 1024 1624 1075 vero
1652 1000 1765 1075 multa
1793 1024 1889 1089 esse,
1914 1026 2004 1099 quae
2029 1004 2186 1078 animum

667 1129 801 1201 tristem
836 1118 1054 1199 consolentur
1085 1127 1191 1218 atque
1228 1120 1275 1195 ad
1308 1120 1475 1195 laetitiam
1513 1121 1666 1219 erigant,
1698 1128 1798 1220 grato
1821 1145 1905 1221 erga
1927 1119 2045 1197 Deum
2069 1124 2187 1199 animo

666 1246 894 1322 recordamur.
944 1239 1091 1315 Etiamsi
1121 1240 1205 1315 haec
1240 1247 1358 1315 nostra
1392 1248 1548 1339 tempora
1577 1240 1688 1340 (quod
1712 1240 1874 1339 cupidius
1897 1266 2004 1339 quam
2032 1244 2187 1319 vennae

667 1365 842 1443 nonnullis
872 1364 1018 1453 lactum)
1051 1359 1110 1435 vix
1140 1358 1194 1433 vel
1218 1384 1263 1433 ne
1285 1359 1344 1433 vix
1370 1358 1514 1457 quidem
1538 1358 1809 1434 Reformationis
1830 1361 2046 1460 temporibus
2066 1364 2183 1460 aequi-

665 1485 818 1586 paranda
844 1506 1068 1569 censeamus,
1099 1489 1135 1555 et
1158 1504 1252 1555 nunc
1273 1487 1392 1555 tamen
1415 1478 1611 1577 religionis,
1636 1478 1790 1553 verimtis
1810 1503 1982 1568 amorem,
2006 1505 2077 1579 qua
2097 1482 2187 1555 nihil

667 1605 819 1682 socchus
851 1610 887 1679 et
917 1600 1100 1701 pretiosius
1128 1600 1173 1673 rit
1203 1600 1425 1687 habendum,
1450 1600 1488 1673 in
1511 1600 1775 1674 innumerorum
1796 1598 1922 1673 animis
1945 1611 2185 1697 experrectum

666 1751 762 1814 esse,
786 1726 881 1823 ipsae
902 1722 979 1797 illac
1002 1722 1099 1809 lites,
1124 1744 1211 1818 quas
1235 1719 1414 1807 dolemus,
1438 1741 1527 1817 quas
1546 1719 1730 1819 lugemus,
1757 1738 1907 1818 quarum
1927 1743 1992 1793 nos
2006 1718 2125 1794 taedet
2149 1729 2186 1793 et

666 1848 797 1947 pudet,
829 1844 898 1919 alta
925 1866 1007 1917 voce
1030 1848 1212 1915 testantur.
1263 1840 1307 1913 In
1334 1846 1432 1913 tanto
1457 1838 1707 1913 sententiarum
1736 1838 1901 1925 divortio,
1933 1838 1971 1911 in
1996 1846 2049 1913 tot
2072 1840 2182 1913 dusc-

665 1964 832 2040 nantibus
851 1961 1041 2037 rixantium
1060 1958 1193 2047 verbis,
1218 1958 1310 2033 inter
1332 1958 1410 2032 illos
1434 1982 1593 2057 quoque,
1613 1956 1676 2055 qui
1698 1956 1743 2031 da
1762 1958 1885 2055 quovis
1908 1956 2105 2031 liberalioris
2126 1959 2181 2031 in·

666 2085 761 2185 genii
794 2082 969 2179 Theologo
1000 2079 1154 2178 iniquius
1185 2079 1362 2166 iudicent,
1397 2078 1546 2152 subinde
1580 2102 1651 2152 non
1687 2100 1872 2176 agnoscere
1899 2100 1970 2151 non
1998 2100 2183 2175 pomumus

665 2202 863 2279 testimonia
884 2209 919 2275 et
940 2198 1110 2275 desideria
1131 2198 1258 2273 mentis
1279 2198 1356 2273 Deo
1377 2196 1587 2296 Christoque
1613 2196 1767 2285 dicatoe,
1802 2222 1892 2296 quae
1911 2198 1949 2271 in
1969 2198 2056 2273 coeli
2072 2198 2184 2273 inhiat

664 2332 770 2421 atque
783 2321 923 2397 anhelat
936 2319 1154 2395 sanctitatem
1172 2326 1208 2393 at
1227 2318 1492 2394 beatitudinem.
1542 2318 1590 2391 Et
1611 2341 1705 2392 nunc
1727 2318 1817 2392 bene
1840 2318 1971 2393 multos
1993 2364 2044 2383 -
2060 2318 2185 2417 quidni

664 2437 1169 2541 dicamplurimos-reperiri
1180 2436 1311 2511 Christi
1324 2444 1530 2525 aectatmes,
1555 2437 1609 2510 uti
1629 2436 1698 2512 Dei
1716 2436 1935 2535 Christique,
1957 2437 2007 2512 ita
2017 2438 2183 2525 hanam,

665 2562 719 2637 uti
738 2561 909 2647 vacuus,
934 2558 983 2633 ita
1005 2558 1100 2657 pacis
1122 2556 1379 2631 amantissimos
1403 2582 1448 2631 er
1469 2556 1586 2631 animo
1607 2556 1812 2656 gaudemus.
1863 2556 1991 2631 Cuncti
2015 2558 2183 2657 denique,

666 2686 838 2779 quotquot
872 2676 1023 2752 melioris
1056 2676 1183 2751 mentis
1217 2682 1324 2773 atque
1357 2675 1487 2752 indolis
1520 2685 1604 2750 sunt
1638 2716 1688 2733 -
1724 2675 1806 2750 licet
1837 2676 1976 2751 diversis
2000 2679 2184 2776 partibus,

666 2799 788 2886 sectis,
820 2793 1021 2871 nominihus
1051 2794 1181 2870 addicti
1202 2836 1253 2855 -
1272 2796 1375 2886 lieet,
1402 2799 1433 2871 si
1457 2798 1541 2873 fidei
1563 2797 1677 2896 capita
1700 2818 1865 2893 quaeras,
1887 2802 1959 2869 toto
1979 2797 2074 2871 coelo
2097 2824 2120 2871 a
2142 2824 2184 2873 se

664 2917 812 2992 invicem
845 2914 1026 2989 dissentire
1059 2915 1254 3005 affirmant,
1292 2924 1354 2992 aut
1388 2941 1505 2992 revera
1537 2916 1744 2991 distendant
1774 2958 1824 2975 -··
1857 2916 1969 3015 magis
1999 2917 2187 3016 magisque

666 3046 785 3111 tamen
822 3035 858 3108 in
893 3059 935 3109 eo
967 3034 1209 3123 consentiunt,
1242 3037 1375 3111 nullam
1411 3062 1487 3112 esse
1519 3036 1624 3112 fidem
1656 3037 1734 3112 Deo
1766 3042 1964 3134 acceptam,
1997 3035 2067 3109 nisi
2093 3036 2184 3124 vita,

666 3155 766 3231 lactis
799 3153 1023 3254 moribusque
1056 3155 1323 3254 comprobatam.
1384 3158 1494 3248 Quid,
1526 3158 1620 3256 quod
1650 3156 1756 3231 etiam
1777 3155 1986 3230 Piatismum
2013 3180 2095 3231 cum
2122 3156 2185 3230 fla·

665 3282 787 3375 granta
822 3274 995 3350 doctrinae
1026 3275 1285 3350 Ecclesiasticus
1318 3276 1470 3351 tuendae
1502 3276 1619 3352 studio
1648 3276 1744 3351 haud
1768 3276 1886 3351 minus
1914 3274 2067 3374 flagrans
2095 3277 2185 3349 ritae

665 3396 865 3473 excitandae
897 3419 973 3469 vere
998 3394 1214 3470 Christianae
1244 3396 1401 3471 studium
1424 3406 1516 3473 arcte
1538 3396 1778 3485 coniunxisse,
1802 3406 1857 3484 et,
1882 3394 1919 3470 in
1940 3394 2183 3496 oppugnandis

665 3528 701 3593 et
717 3515 927 3615 corrigendis
945 3515 1058 3590 omnis
1072 3516 1209 3616 generis
1230 3515 1339 3605 vitiis,
1362 3517 1399 3591 in
1413 3517 1645 3592 succurrendo
1657 3516 1763 3616 lapsis
1776 3524 1813 3591 ct
1824 3516 1979 3604 miseria,
1993 3515 2183 3611 multisque

665 3639 741 3714 aliis
762 3635 963 3711 nominibus
975 3637 1112 3735 egregie
1126 3636 1169 3711 da
1185 3636 1347 3711 societate
1362 3636 1560 3713 Christiana
1573 3636 1736 3711 meritum
1753 3660 1829 3709 essa
1843 3636 2009 3711 lubantm
2020 3634 2181 3709 fatemur.

712 3760 808 3845 Quae
842 3779 922 3828 cum
955 3755 1004 3829 ita
1034 3756 1124 3844 sint,
1153 3757 1197 3830 A.
1218 3756 1273 3830 Al
1307 3780 1435 3856 magna
1459 3781 1516 3831 me
1537 3764 1634 3831 tanet
1661 3780 1759 3855 apes,
1792 3756 1865 3831 fora
1890 3763 1931 3829 ut
1957 3755 2042 3830 haec
2065 3763 2185 3829 nostra

665 3882 760 3949 aetas
793 3875 904 3972 magis
937 3872 1117 3971 magisque
1149 3875 1352 3975 perspiciat,
1384 3876 1491 3951 vitam
1523 3900 1602 3950 vara
1632 3874 1864 3952 Christianam
1895 3884 2063 3975 caputet
2087 3876 2182 3974 prin·

665 4018 746 4092 ceps
778 4016 852 4066 essa
884 3993 920 4066 in
956 3992 1137 4092 religione;
1169 3994 1234 4069 hoc
1262 4021 1401 4095 quoque
1427 3997 1537 4095 ipsius
1562 3998 1665 4083 Iesu,
1698 3997 1821 4096 optimi
1841 3996 2048 4085 Servatoris,
2072 3996 2183 4069 fuisse

664 4113 847 4189 consihum
879 4111 1027 4187 sublime
1063 4122 1099 4187 et
1123 4114 1225 4214 longe
1252 4117 1539 4203 saluberrimum,
1574 4125 1614 4189 ut
1643 4141 1757 4217 genua
1783 4116 1976 4191 humanum
2004 4116 2050 4190 ad
2070 4116 2180 4188 virtu·

665 4243 757 4323 tem,
783 4258 934 4309 amoram
959 4243 994 4309 et
1016 4234 1234 4311 sanctitatem
1260 4236 1513 4311 informaretur.
1564 4238 1611 4311 Ilt
1635 4236 1807 4335 quidquid
1831 4244 1990 4313 metuant
2009 4246 2044 4310 at
2071 4236 2182 4309 rator·
2294 4267 2303 4277 ·

663 4357 797 4429 midant
828 4354 903 4443 alii,
940 4355 1027 4429 hauc
1061 4355 1284 4430 laetissimam
1317 4380 1414 4454 spem
1442 4380 1623 4455 nunquam
1651 4356 1738 4430 mihi
1760 4358 1847 4457 eripi
1869 4369 1975 4457 atque
1997 4382 2041 4431 ex
2062 4356 2184 4431 animo

663 4475 762 4549 evelli
788 4476 920 4573 patiar,
953 4474 1002 4550 ita
1027 4474 1117 4564 sora,
1152 4484 1193 4550 ut
1215 4476 1292 4550 Deo
1315 4476 1516 4550 moderante
1543 4476 1743 4573 Christique
1765 4474 1929 4575 auspiciis
1951 4502 1994 4551 ex
2019 4476 2083 4550 hac
2104 4483 2179 4549 tur·

661 4594 883 4670 bulentorum
906 4603 1010 4694 atque
1029 4596 1238 4695 agitatorum
1257 4604 1452 4693 temporum
1474 4594 1701 4669 commotione
1721 4620 1850 4682 novus,
1875 4596 2040 4693 idemque
2058 4596 2180 4667 mehor

662 4720 841 4789 enascatur
869 4740 985 4790 rerum
1020 4717 1123 4807 ordo,
1158 4740 1229 4813 quo
1257 4713 1448 4789 humanum
1475 4739 1587 4813 genus
1609 4714 1656 4789 ad
1680 4714 1897 4790 mnotitatem
1922 4712 2179 4811 Daique-simi-

662 4831 844 4908 litudinem
868 4836 1010 4933 propius
1034 4835 1182 4911 accedat.
