4892 6184
731 705 924 771 SERIES
958 702 1286 770 LECTIONUM.
1723 698 1793 770 61·

348 911 553 1011 Chymiam,
578 935 666 1010 quae
691 915 895 1013 ancrganiea
915 923 1074 1002 vocatur,
1098 911 1238 988 docebit
1254 907 1379 984 iisdem
1400 906 1544 995 diebus,
1580 907 1664 984 hora
1696 908 1763 984 XI.

348 1033 472 1106 Artem
496 1030 809 1131 pharmaceuticum
828 1031 1049 1108 theoreticam
1068 1038 1103 1105 et
1119 1028 1421 1130 experimentalem
1441 1053 1544 1127 expo·

396 1159 477 1239 net,
502 1149 626 1226 diebus
650 1151 770 1226 Lunae
797 1159 833 1225 et
857 1150 1022 1227 Mercurii
1032 1203 1545 1240 ...............
1678 1149 1764 1224 XII.

350 1272 597 1347 Oeconomiam
620 1272 769 1347 ruralem
795 1274 927 1360 tradet,
954 1271 1078 1347 diebus
1103 1269 1228 1350 Martis
1249 1279 1288 1376 ¹et
1312 1270 1422 1357 Iovis,
1463 1328 1471 1343 .
1500 1326 1508 1345 .
1536 1329 1544 1344 .
1678 1269 1764 1343 XII.

272 1471 274 1476 ,
351 1392 596 1491 Experimenta
616 1392 832 1467 instituendi
844 1400 953 1467 artem
972 1392 1129 1480 docebit,
1152 1398 1188 1465 et
1206 1389 1379 1464 Exercitia
1395 1388 1546 1488 practica

399 1513 437 1586 in
461 1512 683 1588 Laboratorio
707 1513 945 1587 moderabitur
968 1511 1132 1610 quotidie.

350 1633 441 1707 Cum
476 1631 640 1706 studiosis
664 1619 934 1730 provectioribus
959 1633 1003 1706 de
1026 1630 1247 1730 Physiolcgia
1267 1628 1424 1728 chymica
1444 1631 1545 1705 collo·

402 1759 548 1849 quatur,
573 1752 629 1826 die
651 1750 816 1839 Veneris,
842 1751 925 1825 hora
951 1751 1144 1850 vespertina
1176 1806 1548 1826 ...........
1582 1750 1767 1826 V-VIII.

256 1874 300 1947 G.
333 1873 363 1947 I.
394 1869 557 1945 Vnnnrrr
586 1870 768 1946 Elementa
792 1872 1009 1948 Geometriae
1034 1873 1156 1971 planae
1181 1878 1216 1945 et
1240 1868 1550 1968 Ihigonometriam

306 1989 445 2088 planam
470 1987 601 2076 tradet,
628 1987 685 2062 die
710 1989 803 2063 Iovis
812 2047 1256 2078 .............
1265 2090 1267 2093 ¹
1281 2047 1547 2066 ........
1715 1989 1770 2078 Χ,

445 2116 480 2182 et
502 2107 561 2183 die
584 2107 730 2182 Veneris
741 2165 1541 2196 .......................
1581 2108 1638 2182 IX
1663 2117 1698 2183 at
1722 2111 1769 2185 X.

267 2315 275 2328 ι
354 2227 631 2302 stereometriam
650 2235 686 2302 et
701 2228 1011 2328 Trigonometriam
1024 2229 1235 2327 sphaericam
1250 2227 1407 2316 docebit,
1428 2229 1552 2302 diebus

402 2347 527 2422 Martis
551 2355 586 2422 et
610 2347 775 2424 Mercurii
783 2407 1005 2436 .......
1029 2395 1031 2402 .
1033 2403 1550 2424 ...............
1667 2349 1770 2424 VIII.

355 2466 538 2540 Oalculum
573 2465 845 2542 Differentialem
880 2477 915 2542 et
943 2468 1154 2567 Integralem
1187 2468 1343 2566 itemque
1373 2467 1552 2542 Machani-

403 2609 480 2660 cam
504 2584 684 2674 tractabit,
708 2585 833 2660 diebus
856 2595 892 2662 et
915 2587 1010 2662 horis
1032 2595 1151 2685 postea
1172 2586 1377 2661 indicandis.

355 2703 496 2778 Scholas
520 2703 771 2804 paedagogioas
795 2705 959 2795 habebit,
984 2705 1040 2781 die
1063 2705 1205 2794 Lunae,
1231 2704 1315 2780 hora
1339 2707 1530 2782 commoda.

256 2825 294 2900 F.
318 2823 464 2898 Karena
481 2823 739 2900 Astroncmium
755 2827 975 2902 theoreticam
994 2825 1126 2914 tradet,
1149 2825 1274 2901 diebus
1293 2825 1435 2916 Lunae,
1456 2828 1549 2902 Mar·

309 2943 373 3031 tia,
399 2943 565 3018 Mercurii
589 2951 625 3020 et
648 2945 740 3020 Iovis
750 3005 1552 3035 .......................
1707 2949 1776 3024 ΙΧ.

359 3063 427 3139 Ast
412 3063 618 3138 tronomiam
642 3065 846 3163 practicam,
871 3021 995 3142 iisdem
1020 3067 1144 3142 diebus
1151 3125 1560 3156 ............
1730 3068 1778 3144 Χ.

360 3182 637 3272 Astroncmiam,
657 3207 763 3282 quam
782 3185 983 3286 popularem
1005 3192 1147 3274 vocant,
1167 3186 1282 3261 tradet
1299 3184 1424 3261 diebus
1436 3186 1557 3262 Lunae

405 3310 442 3376 et
466 3303 579 3392 Iovis,
604 3303 688 3380 hora
711 3305 905 3405 vespertina
927 3362 1553 3384 ..................
1731 3308 1777 3384 V.

355 3424 440 3498 Post
472 3421 590 3498 Ferias
606 3423 789 3524 'paschales
809 3434 927 3501 autem
949 3425 1033 3500 hora
1051 3426 1203 3524 quadam
1228 3424 1418 3515 matutina,
1445 3426 1557 3502 Audi·

263 3607 265 3614 ,
403 3542 539 3619 toribus
561 3546 752 3621 commoda.

358 3663 521 3763 Singulos
555 3689 635 3740 suos
665 3665 853 3742 Auditcrcs
884 3669 930 3742 ad
951 3667 1087 3743 coelum
1108 3665 1188 3740 tubi
1207 3664 1314 3763 optici
1334 3690 1401 3765 ope
1423 3668 1555 3770 perlus-

408 3785 573 3860 trandum
598 3786 687 3884 aptis
712 3787 927 3884 temporibus
951 3785 1117 3861 evocabit.

360 3902 457 3975 Artis
483 3903 687 3978 observandi
709 3905 891 3980 Exercitiis
916 3905 1071 4005 quotidie
1094 3903 1253 4005 praetrit.
1611 3988 1615 3994 ¹

358 4021 626 4098 Arithmeticam
647 4022 875 4099 universalem
898 4023 1031 4113 tradet,
1057 4022 1181 4099 diebus
1206 4023 1349 4113 Lunae,
1372 4026 1498 4102 Martis
1523 4034 1560 4101 et
1601 4009 1613 4017 ⁰

408 4142 594 4256 Mercurii,
634 4196 860 4222 .......
873 4167 882 4182 ·
889 4199 1553 4223 ...................
1589 4177 1592 4181 ·
1727 4149 1777 4224 ΙΙ.

262 4263 306 4336 G.
342 4260 391 4336 H.
429 4282 478 4336 nn
507 4263 643 4340 Varnsn
671 4265 947 4366 Phytcgrephiae
973 4264 1202 4345 fundamenta
1231 4262 1345 4338 tradet
1367 4266 1562 4342 autumnali

312 4389 490 4481 tempore,
516 4383 661 4484 singulis
686 4383 810 4460 diebus
821 4440 1557 4475 .....................
1727 4389 1777 4462 II.

361 4501 566 4578 Plantarum
578 4502 839 4604 indigenarum,
861 4514 896 4581 at
909 4505 1043 4582 medica
1058 4505 1185 4580 virtute
1199 4504 1455 4604 praeditarum,
1474 4506 1558 4580 His·

412 4623 536 4696 toriam
554 4619 758 4714 illustrabit,
725 4632 884 4702 tverno
897 4627 1075 4704 etaestivo
1090 4633 1257 4724 tempora,
1274 4623 1399 4699 iisdem
1412 4625 1557 4717 diebus,
1664 4627 1779 4703 VII.

358 4741 614 4842 Physiologiam
648 4744 845 4844 plantarum
880 4756 1048 4848 exponet,
1013 4746 1205 4821 tdiebus
1241 4745 1381 4835 Lunae,
1417 4747 1563 4837 Martia,

415 4863 581 4940 Mercurii
605 4873 641 4940 et
664 4865 757 4942 Iovis
768 4921 1679 4958 ........................
1730 4867 1781 4944 11.
