4892 6184
752 688 794 756 36
1279 687 1313 754 F.
1353 684 1393 752 G.
1437 682 1733 752 KRIEGER

802 896 924 994 quue
953 893 1134 996 praecipue
1162 891 1383 968 referendum
1409 891 1582 992 estquod
1604 897 1714 966 artem
1738 888 1891 964 diximus
1914 888 2154 988 operationum
2178 889 2268 990 plas

752 1015 920 1104 ticarum,
945 1039 1055 1114 quum
1078 1037 1136 1088 eas
1159 1011 1271 1086 facere
1295 1019 1467 1112 nequeat,
1498 1012 1566 1086 nisi
1594 1011 1657 1111 qui
1676 1009 1788 1110 pulcri
1808 1033 1931 1099 sensu,
1954 1009 2068 1108 qualis
2088 1010 2175 1084 solet
2194 1035 2272 1086 esse

754 1133 945 1223 artificum,
982 1135 1027 1208 sit
1056 1133 1223 1207 imbutus.
1276 1134 1383 1212 Quod
1415 1158 1584 1222 marmor,
1621 1140 1712 1207 terra
1738 1129 1877 1230 figlina,
1912 1155 1971 1206 aes
1996 1129 2138 1218 artifici,
2176 1129 2271 1206 idem

754 1253 914 1351 chirurgo
935 1252 1095 1328 materies
1116 1252 1367 1352 organistam,
1393 1278 1435 1328 eo
1455 1261 1571 1328 tamen
1593 1250 1811 1339 discrimine,
1833 1248 1929 1350 quod
1950 1248 2129 1338 materies,
2150 1248 2272 1348 inqua

752 1372 934 1472 chirurgus
965 1372 1137 1460 elaborat,
1169 1372 1350 1472 longeest
1381 1371 1630 1447 intractabilior
1654 1370 1836 1468 multoque
1864 1369 1981 1444 minus
2004 1367 2144 1442 artificis
2167 1369 2272 1444 nutui

752 1517 895 1592 parens;
931 1491 1060 1566 etenim
1090 1491 1254 1566 inanimis
1285 1499 1322 1566 et
1360 1492 1449 1567 vitae
1485 1515 1608 1591 expers
1641 1489 1803 1564 materies
1831 1487 1931 1563 facile
1967 1486 2128 1565 adsciscit
2154 1493 2272 1586 ¹atque

753 1619 865 1686 servat
884 1635 961 1686 eam
979 1611 1146 1700 formam,
1168 1635 1275 1711 quam
1298 1611 1390 1706 felici
1406 1611 1546 1712 ingenio
1565 1609 1682 1686 Musis
1700 1607 1898 1704 ferentibus
1910 1607 2139 1708 excogitatam
2148 1606 2273 1682 artifex

755 1731 842 1806 scita
867 1756 974 1806 manu
993 1731 1025 1806 ei
1046 1729 1184 1807 indidit.
1236 1731 1319 1805 Non
1341 1730 1392 1806 ita
1418 1729 1599 1820 materies,
1623 1730 1662 1804 in
1689 1753 1759 1827 qua
1784 1727 1967 1828 chinngus
1991 1723 2171 1826 ingenium
2198 1751 2271 1800 ma·

757 1857 914 1950 numque
937 1858 1081 1926 exercet.
1134 1852 1277 1930 Quanta
1297 1850 1349 1924 illi
1369 1875 1458 1951 opus
1482 1859 1535 1926 est
1559 1874 1642 1925 cura
1661 1858 1699 1924 et
1720 1861 1843 1950 opera,
1864 1855 1907 1921 ut
1929 1846 2108 1925 materiem
2131 1846 2169 1920 iu
2190 1870 2273 1920 cum

754 1971 939 2046 transferat
958 1964 1092 2058 locum,
1127 1994 1198 2068 quo
1219 1970 1468 2045 instauratione
1490 1975 1544 2044 est
1567 1994 1675 2072 opus3
1707 1974 1839 2068 quanta
1862 1967 2078 2068 providentia
2097 1974 2134 2042 et
2157 1967 2271 2042 anxie·

755 2097 829 2166 tete
860 2097 914 2166 est
942 2088 1156 2177 cavendum,
1188 2096 1229 2163 ut
1259 2113 1305 2162 ne
1338 2088 1482 2164 materia
1512 2088 1558 2164 ab
1580 2113 1650 2164 uno
1676 2089 1751 2164 loco
1777 2087 1815 2162 iu
1839 2087 1987 2162 alterum
2010 2087 2178 2162 translata
2204 2086 2274 2161 mm

755 2210 895 2286 vitalem
928 2209 1075 2284 amittat.
1126 2209 1252 2307 Neque
1282 2208 1337 2281 his
1370 2206 1515 2282 feliciter
1543 2209 1749 2309 perpetratis
1781 2231 1903 2282 omnes
1930 2206 2170 2296 difficultates,
2197 2207 2272 2306 qui·

755 2329 904 2403 boscum
938 2327 1099 2426 chirurgo
1121 2335 1175 2402 cst
1210 2326 1501 2416 conflictandum,
1531 2335 1757 2427 exsuperatae
1784 2334 1927 2402 suntet
1951 2326 2125 2402 sublatae:
2152 2334 2275 2402 natans

753 2448 847 2522 enim
877 2453 1014 2522 mutum
1050 2446 1150 2522 abest
1179 2454 1221 2520 ut
1242 2445 1385 2551 adiuvet
1409 2443 1575 2522 artificem
1600 2447 1637 2522 in
1661 2446 1868 2524 stabilienda
1894 2454 1931 2522 et
1952 2447 2186 2555 conservanda
2208 2447 2274 2522 for·

753 2591 831 2656 ma,
864 2590 971 2665 quam
993 2565 1053 2639 illc
1082 2566 1247 2642 materiae
1278 2564 1466 2664 impertiit,
1501 2574 1543 2639 ιιι
1574 2573 1694 2642 contra
1726 2592 1803 2643 eam
1827 2568 1941 2642 delere
1965 2567 2103 2642 studeat
2124 2575 2162 2642 et
2181 2566 2279 2642 disiil

754 2709 850 2774 cere3
875 2673 994 2784 itaquae
1012 2708 1104 2759 novo
1125 2710 1213 2782 opus
1235 2691 1289 2758 cst
1313 2684 1451 2773 labore,
1477 2693 1519 2761 ut
1539 2688 1583 2762 de
1608 2687 1717 2762 invita
1737 2688 1838 2786 quasi
1857 2695 1982 2766 natura
2002 2687 2142 2762 victoria
2156 2711 2273 2786 repor-

753 2812 857 2880 tetur.
904 2803 1109 2880 Cavendum
1133 2804 1243 2909 igitur
1274 2810 1348 2894 est,
1380 2829 1426 2880 ne
1456 2805 1602 2882 nimiam
1636 2832 1733 2907 spem
1754 2808 1799 2884 de
1822 2807 2049 2908 autoplastiae
2072 2806 2273 2882 cosmeticae

753 2924 926 3000 fructibus
956 2923 1144 3000 foveamus.
1206 2925 1289 2999 Nou
1320 2948 1457 3025 semper
1487 2936 1612 3002 natura
1642 2928 1726 3002 artis
1757 2929 1940 3005 conamina
1977 2936 2112 3028 sperate
2148 2933 2277 3002 eventu

754 3050 1016 3132 remuneratur,
1050 3067 1164 3143 neque
1196 3044 1316 3144 negari
1348 3051 1464 3144 potest
1495 3045 1686 3122 admodum
1715 3073 1792 3125 rara
1819 3049 1857 3124 iu
1892 3047 1993 3124 faciei
2024 3048 2177 3149 partium
2202 3047 2273 3146 pla·

756 3162 842 3240 stica
870 3163 1120 3238 instauratione
1151 3189 1227 3240 esse
1257 3164 1435 3266 exempla,
1477 3165 1608 3265 quibus
1634 3167 1789 3269 chirurgi
1812 3193 1902 3269 opas
1923 3168 2015 3244 felici
2038 3168 2182 3244 omnino
2205 3168 2274 3240 fine

755 3283 801 3358 sit
829 3289 1047 3372 coronatum,
1076 3290 1112 3358 et
1128 3309 1375 3384 saepenumero
1396 3284 1435 3360 id
1461 3311 1573 3362 unum
1595 3260 1792 3387 opedaticne
1815 3287 1976 3366 effectum
2001 3314 2096 3379 csse,
2124 3296 2167 3364 ut
2192 3287 2274 3362 ridi-

755 3403 873 3478 culum
907 3403 989 3493 fiat,
1026 3405 1121 3504 quod
1156 3405 1270 3480 luerat
1291 3405 1502 3482 horrendum
1528 3416 1565 3483 et
1590 3407 1742 3485 foedum.
1804 3407 1880 3486 Nec
1905 3417 2022 3486 tamen
2048 3407 2273 3510 autoplastiae

752 3523 904 3622 pretium
939 3531 1045 3622 atque
1076 3525 1153 3600 laus
1185 3524 1281 3602 hisce
1312 3524 1432 3600 minus
1454 3527 1609 3628 prosperi
1634 3553 1815 3604 successus
1840 3529 2008 3629 exemplis
2031 3529 2272 3618 imminuitur,

755 3641 884 3741 quippe
913 3668 1003 3741 quae
1036 3669 1200 3749 magnam
1228 3651 1364 3745 partem
1392 3644 1530 3720 crimini
1553 3647 1623 3722 siut
1646 3649 1781 3724 dandm
1805 3649 1901 3725 falsis
1924 3650 2090 3725 adhibitis
2114 3649 2274 3726 remediis

680 3776 684 3784 ·
756 3768 817 3836 aut
854 3762 1081 3859 experientiae
1116 3764 1396 3864 inventionisque
1430 3765 1603 3860 delectui,
1632 3769 1736 3844 cuius
1768 3771 1978 3871 praestantia
1997 3778 2035 3846 et
2056 3776 2273 3846 momentum

756 3879 795 3953 in
832 3879 898 3954 hac
926 3881 1110 3981 praecipue
1142 3883 1335 3984 chirurgiae
1364 3893 1461 3985 parte
1492 3896 1692 3965 cernuntur.
1744 3892 1889 3970 Quanta
1918 3890 2013 3966 enim
2043 3889 2206 3966 laeoundi
2237 3897 2273 3962 et

760 3998 907 4075 sollertis
941 3999 1073 4099 ingenii
1105 4002 1150 4076 sit
1178 4003 1251 4092 vis,
1282 4002 1579 4102 splendidissimae
1611 4009 1772 4084 victoriae
1813 4010 2071 4101 demonstrant,
2109 4035 2198 4110 quas
2228 4009 2271 4084 de

756 4117 954 4194 inveteratis
974 4121 1098 4210 malis,
1130 4147 1289 4223 quaeque
1312 4124 1453 4200 omnino
1483 4126 1691 4203 videbantur
1716 4129 1829 4204 sanari
1852 4153 1922 4204 non
1943 4154 2064 4230 posse,
2097 4134 2271 4228 reportare

755 4237 900 4339 configit
924 4238 1004 4315 viris
1029 4239 1291 4332 illustrissimis,
1315 4244 1378 4343 qui
1399 4246 1605 4323 excolendae
1627 4247 1792 4349 plasticae
1811 4248 2013 4351 chirurgiae
2026 4249 2114 4325 ritae
2131 4255 2270 4348 partem

751 4358 963 4436 dedicarunt.

729 4543 731 4549 ,
802 4479 982 4557 Profectus
1013 4483 1324 4582 perlustrantibus,
1361 4507 1449 4584 quos
1473 4485 1648 4588 chirurgia
1669 4488 1814 4588 plastica
1833 4489 1928 4566 hisce
1953 4488 2149 4566 novissimis
2168 4487 2266 4564 aunis

754 4599 892 4688 lecerit,
915 4624 994 4674 cam
1015 4608 1234 4704 magnopere
1250 4605 1409 4681 ridemus
1428 4604 1611 4682 increvisse
1631 4615 1668 4684 et
1686 4611 1906 4710 amplicatam
1927 4636 2003 4686 esse
2012 4635 2133 4686 corum
2147 4631 2266 4709 opero,

756 4718 818 4817 qni
838 4719 1016 4808 Gssnan,
1040 4706 1355 4816 Dmrrnrraac'nrr,
1373 4725 1553 4802 clarissimi
1576 4728 1703 4820 chx,
1723 4731 1932 4808 Danrncnn
1954 4732 2100 4832 vmtigia
2123 4729 2266 4805 firmiter

754 4862 794 4915 ac
819 4837 967 4914 fideliter
995 4847 1078 4917 sunt
1108 4844 1229 4921 secuti.
1265 4847 1397 4924 Eorum
1422 4844 1588 4925 nimirum
1611 4849 1784 4928 indefessa
1806 4826 2040 4954 continuaque
2062 4876 2147 4930 cura
2165 4848 2265 4932 effec-
