4892 6184
731 654 777 718 80
1334 647 1371 710 H.
1407 647 1441 714 E.
1477 645 1653 716 VlNKE

732 857 840 931 altera
862 853 1006 930 alteram
1024 850 1215 927 contemnit
1236 860 1270 925 et
1289 852 1440 951 respuit,
1465 852 1571 926 altera
1587 851 1730 925 alteram
1747 848 1910 949 perdere,
1931 851 2128 940 comedere,
2149 853 2253 927 devo-

732 1001 808 1050 rare
844 976 973 1050 studet.
1025 973 1192 1046 Videmus
1223 969 1307 1061 hoc,
1344 971 1452 1046 eheul
1491 979 1608 1046 nostro
1641 976 1816 1067 tempore,
1848 993 1917 1043 non
1952 978 2091 1046 tantum
2119 973 2156 1046 in
2190 974 2255 1061 iis,

734 1121 823 1194 quae
850 1093 1004 1169 Ecclesia
1026 1089 1381 1166 Romano-catholiea
1400 1090 1672 1166 Protestantium
1698 1089 1929 1166 Societatibus
1953 1092 2069 1166 denuo
2093 1093 2250 1181 molitnr;

733 1215 852 1287 sedin
874 1213 929 1286 his
953 1210 1055 1310 ipsis,
1080 1210 1199 1285 sedin
1222 1209 1376 1286 Ecclesia
1396 1209 1501 1285 etiam
1519 1210 1702 1284 relormata
1722 1215 1857 1298 nostra,
1880 1209 1925 1284 ab
1945 1236 2154 1312 unoquoque
2177 1239 2252 1288 vero

733 1334 890 1405 Gnnrsrr
909 1330 1100 1428 discipulo,
1125 1354 1263 1404 summo
1288 1329 1395 1404 animi
1420 1329 1553 1419 dolore,
1574 1329 1669 1403 idem
1690 1328 1901 1405 observatur.
1939 1331 2030 1405 Sunt
2050 1332 2144 1406 enim
2164 1332 2253 1408 duae

732 1451 912 1551 inprimis
935 1459 1073 1550 partes,
1096 1474 1245 1548 quarum
1269 1450 1353 1524 hoec
1374 1450 1418 1525 ab
1441 1451 1658 1538 orthodoau‘u,
1685 1472 1792 1547 quam
1816 1456 1957 1538 tuetur,
1984 1477 2005 1526 a
2027 1454 2253 1540 liberalitate,

734 1597 841 1669 quam
874 1577 1091 1670 propugnat,
1120 1568 1179 1642 illa
1209 1592 1336 1642 nomen
1369 1568 1485 1644 habet.
1529 1568 1586 1643 Ab
1624 1575 1773 1667 utraque
1803 1576 1896 1644 stant
1926 1569 1990 1644 viri
2017 1571 2112 1646 haud
2134 1573 2252 1670 pauci,

733 1693 893 1790 ingenio,
942 1688 1118 1774 doctrina,
1155 1687 1311 1786 pietate,
1350 1713 1465 1764 amore
1507 1713 1589 1788 erge
1625 1689 1743 1764 Deum
1778 1688 2045 1789 (inmersaque
2082 1691 2253 1790 insignes,

734 1836 874 1886 summo
917 1835 991 1884 rem
1028 1808 1263 1883 Christianam
1303 1809 1517 1907 provehendi
1548 1809 1665 1883 studio
1700 1809 1897 1908 flagrantes.
1952 1809 2097 1885 Utinam
2133 1819 2254 1886 mutuo
2402 1893 2403 1904 χ

736 1932 841 2006 etiam
861 1955 977 2005 amore
1002 1928 1206 2002 seinvicem
1230 1929 1536 2027 prosequerenturl
1582 1928 1653 2002 Sed
1681 1929 1767 2026 proh
1792 1929 1905 2004 dolor!
1936 1929 2044 2005 altera
2071 1955 2150 2029 pars
2173 1931 2252 2005 alte-

735 2076 810 2125 ram
833 2050 1058 2136 condemnat,
1079 2047 1196 2121 hostili
1214 2047 1349 2146 impetu
1367 2049 1518 2137 invadit,
1542 2047 1724 2147 deprimit,
1748 2047 1911 2124 excludit.
1950 2050 2147 2125 Fatendum
2165 2052 2251 2125 enim

736 2177 810 2258 est,
832 2170 956 2244 Iliacos
979 2169 1069 2241 intra
1091 2191 1208 2240 muros
1233 2168 1366 2265 peccari
1390 2175 1425 2242 et
1453 2169 1607 2260 entra³).
1644 2168 1693 2242 Et
1717 2176 1770 2242 est
1794 2169 2003 2258 verendum,
2028 2170 2097 2246 nisi
2116 2197 2248 2270 compo·

735 2297 864 2364 nentur
890 2289 967 2362 lites
997 2288 1083 2360 istae
1117 2285 1460 2377 vehementissimae,
1491 2314 1536 2362 ne
1564 2288 1720 2362 Ecclesia
1745 2286 1929 2362 reformata
1953 2291 2127 2366 nostruin
2150 2292 2251 2378 duas,

734 2418 788 2483 vel
821 2418 891 2482 tres
920 2416 1035 2506 partes
1065 2405 1214 2479 maiores
1248 2405 1469 2484 distrahatur.
1521 2409 1623 2486 Quae
1655 2432 1735 2481 cum
1764 2408 1813 2482 ita
1844 2408 1933 2497 sint,
1969 2409 2132 2484 omnibus
2157 2411 2251 2484 bonis

734 2527 981 2603 elaborandum
1022 2532 1096 2611 est,
1134 2533 1176 2595 ut
1214 2523 1416 2600 vulneribus
1451 2526 1546 2602 hisce
1582 2527 1795 2626 gravissimis
1835 2528 2060 2616 medeantur,
2099 2530 2251 2628 viamque

735 2649 943 2732 ostendant,
981 2667 1087 2742 quam
1123 2642 1391 2741 ingrediendum
1418 2645 1519 2720 nobis
1547 2645 1592 2720 sit
1619 2647 1665 2722 ad
1689 2671 1810 2745 pacem
1839 2648 2124 2748 concordiamque
2155 2651 2254 2724 reati-

735 2767 914 2842 tuendam.
958 2763 1059 2838 Haec
1084 2762 1180 2861 apud
1204 2762 1365 2837 animum·
1384 2789 1504 2840 meum
1524 2773 1711 2865 reputans,
1737 2765 1901 2841 orationis
1921 2777 2166 2868 argumentum
2190 2771 2252 2844 ele·

737 2889 793 2987 gi,
830 2885 924 2984 quod
953 2883 989 2957 et
1017 2881 1191 2983 praesenti
1222 2882 1417 2973 Ecclesiae,
1455 2885 1555 2960 cuius
1582 2884 1695 2960 socius
1721 2909 1822 2974 sum,
1851 2885 2041 2961 conditioni
2068 2912 2252 2963 accommo-

737 3007 861 3082 datum
892 3004 957 3094 sit,
989 3003 1025 3076 et
1055 3003 1101 3077 ad
1132 3001 1315 3099 sopiendas
1347 3003 1426 3078 litas
1459 3006 1591 3094 valeat,
1618 3005 1793 3080 imovero
1816 3006 1975 3096 unicam,
2012 3033 2090 3082 meo
2118 3009 2256 3106 quidem

738 3126 888 3214 iudicio,
917 3119 1190 3198 monstraturum
1215 3121 1262 3195 sit
1286 3121 1399 3211 dam,
1433 3149 1503 3222 qua
1529 3124 1710 3200 laudatum
1735 3131 1964 3224 optatumque
1988 3128 2092 3202 finem
2122 3129 2256 3226 assequi

738 3246 922 3346 possimus.
967 3244 1092 3318 Dicam
1120 3241 1230 3340 igitur
1257 3240 1301 3315 de
1323 3267 1404 3316 ocra
1415 3245 1507 3342 fidei
1534 3245 1750 3320 Chattianae
1772 3247 1924 3332 notione,
1952 3250 2077 3322 nostrie
2097 3273 2254 3345 praeser-

737 3370 797 3440 tim
822 3366 1044 3463 temporibus,
1069 3364 1230 3438 memoria
1253 3365 1417 3452 tenenda,
1447 3367 1541 3438 etin
1565 3368 1707 3440 omnium
1729 3367 1852 3438 animis
1873 3367 2104 3464 imprimenda.
2155 3367 2255 3445 Quod

737 3490 983 3585 argumentum
1016 3507 1128 3580 quum
1163 3506 1228 3555 sua
1259 3505 1296 3554 se
1329 3483 1498 3580 gravitate
1529 3483 1612 3558 setis
1642 3485 1884 3574 commendet,
1919 3487 2150 3562 constitutum
2174 3487 2255 3562 mihi

738 3607 851 3708 unice·
869 3611 940 3692 est,
972 3628 1013 3676 ao
1036 3603 1090 3675 uti
1111 3625 1239 3700 genere
1263 3599 1420 3690 dicendi,
1453 3603 1589 3702 quoda
1614 3603 1833 3702 simplicitate
1857 3629 1896 3678 ec
1919 3605 2163 3704 perspicuitate
2185 3607 2253 3681 lan·

740 3725 860 3810 detur,
887 3731 923 3795 et
947 3747 969 3794 a
990 3747 1060 3818 quo
1084 3720 1154 3794 fuci
1176 3720 1289 3794 omnis
1314 3721 1463 3820 suspicio
1487 3748 1594 3822 quam
1614 3723 1813 3822 longissime
1836 3722 1882 3798 sit
1904 3735 2047 3802 remota.
2097 3727 2204 3805 Quod
2228 3728 2254 3798 si

740 3868 830 3939 quae
852 3867 895 3915 ex
922 3840 1029 3914 animi
1051 3841 1221 3914 sententia
1247 3840 1403 3916 dicturus
1428 3869 1525 3932 sum,
1553 3843 1685 3941 aliquid
1708 3843 1884 3918 conferant
1909 3844 2145 3920 adtuendam
2174 3847 2252 3920 veri·

666 4012 671 4019 -
739 3967 847 4034 tatem
872 3982 1063 4058 pacemque
1086 3958 1357 4050 conficiendam,
1378 3961 1532 4052 habebo,
1557 3963 1652 4061 quod
1676 3987 1830 4039 summas
1853 3964 1929 4039 Deo
1954 3967 2081 4064 gratias
2106 3993 2219 4066 agam

788 4443 908 4517 Fidem
940 4443 1169 4516 Christianam
1205 4442 1343 4532 dicens,
1375 4443 1531 4543 intelligo
1563 4470 1658 4534 eam,
1693 4471 1800 4545 quam
1827 4446 2013 4523 Cnnrsrus
2037 4454 2073 4522 et
2098 4449 2253 4548 Apostoli

740 4562 918 4659 postulant
949 4561 994 4636 ab
1027 4562 1210 4651 omnibus,
1246 4562 1375 4662 quibus
1408 4562 1636 4640 denunciatur
1666 4567 1915 4665 Evangelium,
1950 4577 1990 4641 ut
2019 4567 2252 4650 remissionem

742 4689 959 4777 peccatorum
991 4689 1235 4781 aeternamque
1260 4682 1511 4759 beatitudinem
1541 4693 1795 4784 consequantur
1817 4689 1868 4780 ⁴):
1903 4712 1991 4785 quae
2022 4688 2144 4764 iccirco
2171 4688 2253 4760 fides

741 4799 924 4889 salutaris,
949 4801 1019 4875 sive
1039 4804 1222 4899 salutifera
1245 4826 1266 4876 a
1288 4801 1472 4904 Theologis
1491 4803 1559 4879 dici
1582 4805 1678 4880 solet.
1729 4806 1783 4882 De
1804 4806 1909 4883 huius
1928 4807 2010 4883 fidei
2031 4810 2165 4884 notione
2185 4807 2254 4906 agi·
