4892 6184
886 689 1170 757 rumora
1725 690 1789 754 20?

271 955 277 972 .
325 902 419 974 Ordo
446 899 685 998 Theoloporam
709 896 797 973 duas
825 898 1004 999 proposuit
1028 897 1266 998 quaestiones,
1292 896 1435 972 alteram
1458 896 1677 985 historicam,
1700 894 1785 970 alta·

272 1043 348 1095 ram
378 1017 801 1118 exegetica-dogmaticam
834 1019 883 1094 ita
913 1043 949 1094 se
973 1018 1179 1094 habentem:
1217 1017 1362 1095 nQuum
1391 1017 1434 1091 dc
1461 1016 1557 1091 omni
1585 1014 1726 1091 consilio
1752 1022 1788 1091 et

273 1164 375 1240 opcrc
404 1163 468 1216 sno
500 1139 549 1213 sic
578 1138 654 1212 Ich.
686 1137 794 1213 XVII
825 1146 906 1239 agat
944 1139 1044 1214 lesus
1068 1137 1247 1225 Christus,
1278 1143 1319 1210 nt
1337 1136 1469 1213 nullam
1494 1137 1651 1211 videatur
1671 1135 1788 1212 ideam

202 1296 213 1312 ·
273 1258 318 1334 de
338 1283 376 1333 re
396 1257 593 1333 Christiana
615 1257 811 1356 primariam
833 1284 904 1335 non
923 1259 1080 1360 attigisse
1100 1257 1298 1356 quaeritur,
1321 1280 1367 1332 an
1387 1256 1438 1332 ibi
1461 1255 1567 1331 etiam
1590 1256 1638 1330 de
1654 1254 1787 1354 Spiritu

272 1379 399 1453 Sancto
435 1377 553 1452 fecerit
588 1378 825 1454 mentionem?
874 1380 1002 1468 Porro,
1049 1379 1079 1453 si
1118 1377 1257 1466 fecerit,
1296 1401 1367 1475 qua
1403 1376 1470 1451 alia
1507 1375 1639 1450 ratione
1680 1397 1787 1474 quam

272 1498 348 1574 Ich.
374 1497 629 1602 XIV—XVI?
666 1499 827 1597 Denique
851 1499 945 1574 unde
970 1499 1054 1574 baec
1077 1496 1259 1572 diversitas
1284 1495 1331 1568 sit
1353 1495 1605 1594 explicanda?”

248 1697 256 1710 ,
321 1617 381 1691 Ad
401 1617 639 1715 quaestionem
662 1618 859 1694 historicam
880 1619 1036 1707 nullum,
1061 1617 1107 1692 ad
1127 1613 1551 1715 exegetica-dogmaticam
1570 1614 1641 1688 duo
1655 1614 1786 1712 accepit

271 1761 453 1837 responsa,
469 1761 579 1811 unum
592 1736 1098 1836 inscriptumhisceWaasnnr
1113 1735 1242 1810 verbis:
1261 1735 1360 1808 nDaa
1381 1735 1495 1809 lilaea
1506 1736 1594 1809 aller
1614 1735 1787 1808 Watrleil

271 1859 319 1932 iat
341 1853 635 1956 Notlweadiplcett
656 1859 716 1932 dea
739 1858 930 1932 Elaeelnen
953 1856 1057 1930 derat
1083 1858 1146 1930 dae
1177 1855 1328 1942 Gaaae”,
1353 1853 1500 1928 alterum
1525 1854 1591 1928 bac
1615 1853 1786 1929 sententia

228 2045 232 2050 .
271 1975 490 2085 distinctum:
510 1975 753 2074 nPla‘loaopda'a
764 1979 946 2051 vamtatem
959 1977 1114 2084 quaer-it,
1131 1975 1299 2074 tleolcpia
1311 1976 1458 2063 inanit,
1470 1974 1784 2072 relipiopoaaidet.”

319 2085 457 2171 Horum
480 2095 643 2195 quodque
668 2120 912 2197 responsorum
935 2117 1148 2194 quamquam
1171 2093 1244 2167 suis
1264 2118 1301 2167 se
1323 2093 1489 2168 laudibus
1508 2092 1784 2181 commendaret,

271 2223 437 2290 neutrum
463 2225 580 2290 tamen
604 2214 752 2315 dignum
772 2212 966 2290 iudicatum
986 2221 1040 2289 est
1064 2213 1159 2312 quod
1182 2213 1335 2312 praemio
1360 2213 1549 2288 constituto
1571 2220 1761 2289 ornaretur.

319 2334 460 2410 Etenim
489 2342 609 2410 auctor
643 2335 773 2436 primae
810 2333 1004 2436 scriptionis
1038 2342 1130 2409 recte
1161 2333 1305 2432 quidem
1333 2333 1430 2409 hand
1458 2357 1569 2432 pauca
1592 2332 1785 2408 observavit

271 2478 353 2529 cum
387 2455 499 2554 magis
532 2462 610 2530 tum
643 2455 759 2530 minus
795 2455 842 2530 ad
869 2457 1105 2554 quaestionem
1139 2452 1365 2553 pertinentia,
1396 2453 1460 2528 scd
1490 2453 1644 2527 universe
1668 2454 1786 2528 minus

272 2574 445 2674 exegetica
477 2598 583 2672 quam
615 2573 685 2648 sive
711 2575 947 2674 philosophice
979 2576 1049 2650 sive
1076 2575 1192 2675 potius
1222 2573 1455 2673 metaphysica
1483 2573 1520 2646 in
1548 2573 1653 2647 rebus
1680 2597 1785 2672 expo·

271 2695 395 2770 nendis
427 2701 582 2769 versatus
611 2701 675 2770 est.
725 2695 922 2785 Nonnulla,
952 2704 994 2770 ut
1025 2695 1138 2770 locum
1163 2695 1206 2768 de
1231 2693 1325 2794 δόξῃ
1349 2696 1421 2792 πρὸ
1447 2700 1515 2770 τοῦ
1533 2695 1610 2772 ,τὸν
1635 2695 1787 2788 κόσμον

271 2811 399 2903 εἶναι,
434 2814 487 2887 nti
518 2820 554 2887 et
585 2813 629 2888 dc
661 2813 745 2889 fidei
775 2815 908 2915 origine
946 2814 1111 2890 contorsit
1145 2814 1191 2892 ad
1222 2837 1321 2888 snam
1349 2813 1620 2913 metaphysicam
1655 2811 1700 2886 de
1733 2821 1786 2911 τῷ

270 2934 369 3034 λόγῳ
402 2932 599 3031 opinionem
635 2941 683 3009 etv
704 2958 803 3009 auam
833 2936 877 3010 de
906 2943 1077 3025 monstro,
1108 2942 1149 3008 nt
1181 2934 1250 3022 ait,
1284 2932 1384 3008 liberi
1411 2932 1545 3008 arbitrii
1576 2931 1784 3006 sententiam

272 3078 343 3152 quc
374 3077 443 3127 non
479 3052 651 3128 dubitavit
684 3055 836 3154 profiteri
870 3055 987 3129 Deum
1019 3080 1093 3129 esse
1128 3052 1260 3154 peccati
1292 3076 1443 3129 cansam.
1493 3053 1549 3127 Dc
1582 3051 1783 3151 quaestione

270 3173 347 3273 ipsa
375 3197 444 3248 non
471 3173 540 3248 nisi
566 3174 708 3251 tandem
735 3199 837 3276 agere
865 3175 1013 3276 incepit,
1042 3176 1148 3274 idque
1173 3175 1204 3248 si
1220 3173 1523 3273 'praeparationem
1549 3181 1683 3272 spectes
1704 3197 1782 3273 pro·

271 3293 386 3368 fusam
410 3293 548 3368 brevius
572 3301 607 3369 et
631 3295 748 3370 minus
772 3321 878 3396 quam
902 3295 1110 3397 oportuisset
1134 3295 1312 3395 explicate.

319 3413 438 3487 Multo
468 3413 567 3489 aliter
599 3417 769 3492 secundae
795 3416 989 3514 scriptionis
1012 3422 1140 3490 auctor.
1190 3413 1262 3487 Hic
1283 3411 1499 3509 paucissimis
1521 3411 1565 3486 de
1593 3411 1725 3511 Spiritu
1746 3411 1783 3485 in

271 3531 315 3607 V.
327 3533 367 3606 Τ.
388 3533 604 3632 praemissis,
628 3534 782 3633 primum
803 3535 1022 3634 expositurus
1044 3533 1217 3632 quomodo
1240 3533 1340 3605 Iesus
1360 3529 1435 3605 Iob
1458 3529 1565 3604 XVII
1586 3530 1630 3604 de
1651 3528 1784 3628 Spiritu

272 3652 400 3726 Sancto
422 3651 540 3726 feccrit
561 3653 792 3742 mentionem,
816 3653 929 3728 fusius
951 3653 1093 3752 quidem
1111 3676 1218 3752 quam
1236 3673 1325 3750 opus
1345 3656 1438 3738 erat,
1462 3656 1575 3724 totum
1596 3650 1661 3725 boo
1679 3659 1784 3748 caput

272 3769 459 3868 percurrit;
494 3771 557 3844 scd
586 3771 630 3845 de
662 3797 712 3847 vs.
748 3776 891 3850 17-19
926 3797 1032 3872 agens
1062 3779 1218 3848 accurate
1248 3769 1401 3845 ostendit
1426 3773 1496 3861 τὴν
1518 3770 1705 3862 ἀλήθειαν
1728 3770 1784 3844 hic

271 3889 434 3965 cumdem
452 3915 619 3990 occupare
640 3891 753 3966 locum
775 3917 881 3991 quem
896 3893 932 3967 in
955 3893 1237 3968 antecedentibus
1255 3892 1302 3966 τὸ
1320 3900 1466 3987 πνεῦμα
1486 3902 1554 3983 τῆς
1579 3890 1776 3984 diastolem.

272 4007 345 4080 Ubi
383 4031 484 4106 porro
517 4008 653 4106 quaerit
687 4033 757 4107 qua
786 4009 854 4086 alia
887 4011 1020 4086 ratione
1049 4010 1092 4085 dc
1124 4010 1257 4111 Spiritu
1282 4012 1409 4087 Sancto
1433 4013 1534 4086 Iesus
1560 4011 1669 4111 egerit
1694 4011 1779 4112 Cap.

276 4125 504 4202 XIV-XVI
540 4129 623 4204 satis
655 4128 744 4204 bene
777 4127 994 4205 demonstrat·
1015 4131 1247 4230 paracletum,
1280 4131 1449 4230 Spiritum
1472 4130 1644 4220 veritatis,
1668 4131 1784 4229 quoad

273 4255 433 4322 naturam
465 4272 564 4324 snam
591 4249 684 4324 idcm
720 4273 794 4324 esse
823 4257 928 4348 atquc
952 4251 1075 4326 veritas
1098 4251 1174 4349 ipsa
1196 4258 1268 4339 cst;
1299 4249 1483 4326 discrimen
1504 4249 1612 4350 igitur
1629 4256 1782 4326 tantum·

274 4366 378 4441 modo
402 4367 439 4441 in
460 4368 571 4444 torma
590 4368 728 4444 dicendi
748 4393 823 4444 esse
845 4370 1010 4468 positmn.
1046 4369 1183 4444 Ibidem
1207 4394 1287 4445 vero
1312 4377 1412 4444 acute
1437 4369 1550 4468 magis
1576 4392 1683 4468 quam
1705 4394 1783 4445 acre

273 4485 416 4586 exponit
438 4490 484 4564 τὸ
506 4497 654 4588 πνεῦμα
681 4500 749 4584 τῆς
767 4489 956 4583 diodorus
977 4514 1052 4564 csse
1076 4489 1244 4589 Spiritum
1267 4480 1515 4566 immanentem
1534 4488 1571 4563 in
1588 4489 1782 4588 Apostolis,

263 4611 342 4698 verla
371 4607 560 4700 ἀλήθειαν
596 4597 675 4684 vero
707 4635 782 4685 esse
816 4610 984 4709 Spiritum
1016 4610 1314 4686 transcendentem
1347 4609 1418 4685 sivc
1453 4610 1525 4684 rim
1556 4599 1709 4684 divinam
1744 4611 1782 4684 in

272 4727 430 4803 homines
462 4737 634 4829 agentem.
684 4729 757 4804 Ubi
787 4730 937 4829 denique
969 4731 1134 4830 inquirit,
1169 4729 1264 4806 unde
1296 4729 1381 4805 baec
1404 4728 1583 4804 diversitas
1606 4729 1652 4804 sit
1675 4729 1782 4828 expli·

232 4867 236 4874 ’
273 4847 402 4939 canda,
435 4848 609 4949 duplicem
640 4849 715 4928 eius
745 4875 884 4928 causam
915 4851 1040 4941 tradit,
1065 4853 1209 4928 alteram
1232 4849 1270 4926 in
1287 4853 1447 4951 persam
1472 4847 1641 4952 positam,
1665 4851 1785 4951 quibua
1893 4937 1899 4945 ,
