4892 6184
869 725 1151 795 ORATIO·
1708 728 1774 796 287

256 934 325 1009 lem
349 954 535 1032 sequamur
554 932 739 1009 normam?
784 932 1022 1011 Addiscdntur
1042 934 1117 1009 sina
1136 931 1246 1008 dubio
1264 930 1298 1007 ei
1316 955 1507 1023 sermones,
1528 950 1648 1009 eorum
1666 931 1771 1032 sarip-

255 1061 347 1129 tores
368 1052 529 1151 legentur
549 1051 677 1151 aliqui,
699 1050 873 1152 huiusque
900 1053 951 1129 rei
975 1077 1150 1129 summam
1173 1076 1249 1128 esse
1275 1050 1460 1133 utilitatem
1485 1060 1521 1127 et
1543 1076 1647 1127 namo
1662 1051 1772 1145 dene·

253 1169 370 1271 gabit,
404 1177 440 1245 et
470 1170 545 1269 ipae
577 1170 681 1246 modo
713 1170 809 1246 idem
843 1173 1016 1250 contendi
1077 1174 1128 1249 At
1163 1196 1248 1273 pace
1279 1171 1393 1247 dicam
1424 1194 1565 1261 eorum,
1599 1171 1661 1271 qui
1687 1171 1772 1247 istas

253 1292 384 1367 litteras
412 1288 538 1365 docent
561 1297 597 1364 et
620 1290 670 1366 ita
692 1291 887 1369 maximum
915 1294 954 1369 iu
981 1292 1128 1392 patriam
1158 1300 1312 1369 nostram
1339 1291 1521 1366 conferunt
1542 1290 1769 1378 beneficium,

253 1409 385 1499 dicam,
416 1408 455 1484 id
486 1409 614 1486 iterum
641 1433 747 1510 rogo,
780 1409 835 1485 his
864 1434 935 1485 non
962 1409 1110 1485 nimium
1138 1408 1385 1495 irascentibus,
1409 1406 1503 1506 ipsas
1526 1406 1611 1482 istas
1638 1406 1770 1482 litteras

253 1529 302 1605 sic
325 1528 397 1603 iera
419 1527 552 1618 doceri,
575 1534 617 1603 ut
639 1529 752 1628 magis
773 1552 796 1603 a
821 1528 1001 1628 superficie
1021 1552 1140 1603 rarum
1165 1535 1202 1601 et
1229 1526 1342 1626 speeie
1364 1524 1617 1625 proficiscentes
1643 1526 1771 1626 singuli

253 1655 452 1749 penetrent,
478 1648 593 1748 quoad
613 1646 768 1723 iubebit:
798 1648 898 1723 lubet
924 1655 1042 1723 autem
1063 1646 1168 1721 nimis
1190 1644 1312 1727 multis
1337 1652 1378 1719 ιιι
1401 1644 1580 1721 haerentes
1601 1644 1637 1719 in
1661 1646 1770 1721 initiis

253 1766 423 1841 severiora
452 1762 633 1855 omittant3
665 1765 852 1855 docentur,
885 1766 1048 1865 iuquam,
1080 1773 1123 1840 ut
1149 1765 1262 1865 magia
1284 1763 1350 1839 hoo
1378 1763 1458 1852 fiat,
1482 1788 1588 1862 quam
1610 1772 1651 1839 ut
1670 1766 1770 1841 firma

252 1892 426 1985 ponantur
450 1884 626 1961 doctrinae
646 1884 894 1974 fundamenta,
919 1908 984 1960 uec
1007 1883 1107 1961 facila
1128 1884 1200 1959 fere
1231 1908 1271 1959 ac
1298 1882 1368 1959 cito
1394 1883 1556 1982 peritura.
1607 1884 1645 1959 Si
1672 1886 1771 1984 quis,

252 2002 402 2102 exempli
423 2026 548 2093 causa,
574 2002 722 2079 candide
741 2002 903 2104 inspiciat
927 2011 963 2079 et
985 2002 1060 2079 sine
1078 2003 1131 2079 ira
1150 2003 1205 2079 val
1227 2003 1343 2079 studio
1364 2011 1539 2102 comparet
1560 2004 1667 2080 libros
1685 2004 1778 2079 istos

251 2132 287 2197 et
316 2116 540 2222 compendia,
568 2147 589 2199 e
622 2123 753 2223 quibus
785 2124 893 2199 soleat
921 2122 1046 2199 nautia
1076 2124 1303 2199 recentiorum
1336 2146 1535 2199 sermonum
1564 2125 1655 2224 peti,
1689 2149 1772 2218 cum

250 2241 311 2329 iis,
336 2266 357 2315 a
378 2241 508 2339 quibus
528 2248 682 2317 veterum
704 2242 847 2319 scientia
865 2242 1058 2332 derivatur,
1076 2265 1146 2317 non
1166 2242 1251 2319 haec
1272 2243 1416 2342 quidam
1436 2242 1600 2319 omnibus
1618 2244 1772 2319 numeris

251 2358 401 2458 perfecta
418 2359 570 2435 inveniet
590 2369 627 2435 et
646 2360 825 2451 absoluta,
859 2362 921 2437 sed
946 2369 1063 2438 tamen
1088 2362 1261 2461 prioribus
1289 2361 1361 2465 fere
1393 2360 1525 2461 ubique
1549 2362 1652 2463 longe
1674 2388 1771 2463 praa·

252 2478 437 2569 stantiora,
475 2480 547 2555 sire
582 2504 698 2557 rerum
734 2482 999 2582 intelligentiam
1033 2492 1070 2557 et
1104 2482 1271 2557 sermonis
1302 2481 1396 2581 leges
1429 2488 1466 2557 et
1498 2482 1648 2583 origines
1681 2483 1770 2559 bane

252 2608 470 2697 perspectas,
495 2598 566 2673 sive
589 2599 728 2675 &cendi
751 2600 921 2677 rationem
945 2609 982 2676 et
1005 2624 1121 2677 veram
1144 2610 1180 2677 et
1201 2601 1357 2690 facilem,
1380 2624 1494 2701 neque
1518 2602 1624 2678 nimia
1646 2600 1769 2678 obscu-

249 2740 324 2792 ram
347 2715 583 2817 inquiramus;
606 2719 754 2818 reperiet
776 2720 930 2819 ubique,
962 2723 1018 2797 vel
1038 2722 1076 2796 in
1100 2722 1337 2821 sequioribus,
1365 2728 1576 2821 quantopere
1606 2722 1652 2797 sit
1677 2730 1769 2798 vete·

249 2860 329 2911 rum
357 2859 556 2911 sermonum
588 2838 764 2929 studium,
794 2840 976 2941 hucusque
1010 2841 1152 2931 saltem,
1184 2839 1377 2917 accuratius
1411 2840 1517 2916 simul
1544 2849 1581 2918 at
1608 2843 1769 2919 severius.

253 2956 333 3032 Scio
355 2955 517 3056 quidem,
542 2958 608 3032 hoo
627 2965 663 3033 et
683 2958 910 3036 imminutum
930 2985 1005 3037 esse
1025 2960 1228 3050 discrimen,
1248 2968 1283 3035 et
1304 2960 1341 3033 in
1363 2958 1437 3035 dies
1459 2960 1572 3059 magis
1589 2959 1768 3049 imminui,

249 3098 363 3174 nequa
387 3074 418 3149 is
442 3098 543 3165 sum,
570 3076 632 3177 qui
652 3077 815 3153 leudibus
838 3078 926 3178 quid
948 3078 1081 3154 meritis
1104 3078 1285 3156 deorham
1311 3102 1453 3168 ecurm,
1484 3079 1602 3178 quiet
1623 3078 1660 3154 in
1684 3081 1769 3156 Ger·

250 3193 367 3269 mania
392 3200 429 3267 et
451 3194 554 3284 alibi,
579 3199 638 3293 qui
660 3199 860 3297 praesertim
883 3198 921 3273 iu
942 3198 1056 3298 patria
1079 3199 1185 3274 etism
1209 3204 1350 3287 nostra,
1384 3197 1502 3273 eximii
1522 3198 1615 3275 illius
1639 3200 1770 3275 Isooar

135 3365 138 3368 -
249 3314 383 3387 Garun
412 3312 558 3412 uestigia
590 3315 868 3416 splendidissime
896 3318 1024 3407 secuti,
1054 3318 1166 3393 multa
1194 3318 1265 3392 iam
1291 3317 1529 3407 desudarunt,
1562 3324 1598 3391 et
1619 3318 1770 3418 plurima

248 3431 426 3508 consecuti
447 3442 532 3506 sunt
553 3434 710 3532 egregia,
740 3442 777 3508 et
799 3434 902 3533 longe
923 3432 1151 3533 plura-etiam
1172 3440 1391 3525 assecuturos
1420 3458 1494 3509 sesa
1519 3442 1667 3534 sperant
1719 3439 1768 3511 At

247 3548 477 3640 obtinebunt,
501 3551 641 3649 opinor,
665 3550 776 3627 doctis
795 3551 899 3651 longa
917 3552 1018 3652 plura
1040 3574 1147 3651 quam
1168 3552 1321 3643 cunetis,
1345 3559 1381 3628 et
1402 3553 1432 3627 si
1454 3552 1542 3652 quid
1558 3554 1616 3630 illi
1637 3555 1674 3629 in
1697 3580 1768 3631 uuo

250 3693 407 3747 sermone
430 3668 497 3746 sibi
518 3670 806 3773 comparaverint,
829 3671 909 3746 ideo
930 3694 1034 3770 saepe
1055 3664 1079 3746 a
1097 3670 1239 3770 reliquis
1261 3671 1520 3763 distrahuntur,
1544 3673 1630 3749 dum
1649 3682 1768 3751 nostru

248 3789 383 3879 suda,
407 3788 498 3865 cuca
521 3814 744 3867 communem
766 3792 897 3867 ionum
919 3790 1109 3880 remotis,
1131 3791 1265 3867 nullam
1288 3800 1418 3891 queant
1439 3793 1610 3869 illustrare
1631 3802 1765 3893 purtem

249 3907 318 3982 nisi
351 3908 420 3998 ita,
458 3918 500 3985 ut
533 3910 665 4009 aliquot
696 3918 812 3987 tamur
845 3912 930 3987 inde
959 3912 1048 3987 radii
1076 3918 1114 3987 et
1141 3910 1178 3985 in
1205 3917 1337 3987 cataras
1365 3912 1501 3989 cadant.
1551 3914 1629 3990 Hoc
1658 3914 1766 4014 igitur

249 4028 442 4119 contendo,
476 4054 499 4105 a
526 4052 672 4106 numero
701 4037 739 4105 et
767 4039 866 4132 parte
889 4032 992 4132 longe
1014 4030 1142 4108 maiore
1167 4038 1204 4107 et
1225 4030 1407 4107 hominurn
1429 4040 1466 4109 et
1489 4032 1655 4109 librorum
1675 4035 1764 4109 auti·

249 4172 338 4249 quos
367 4172 541 4226 sermones
567 4150 767 4228 docendum
796 4149 861 4227 hos
890 4174 1065 4228 sermones
1092 4151 1204 4228 multo
1227 4152 1422 4229 accuratius
1443 4160 1480 4229 et
1505 4153 1617 4253 magis
1639 4153 1763 4229 intrin-

249 4292 348 4345 secus
369 4269 513 4370 erponi,
538 4296 646 4371 quam
672 4272 862 4349 doceantur
888 4272 1092 4349 recentiores
1121 4270 1167 4349 ab
1192 4271 1364 4349 eiusmodi
1396 4281 1494 4373 parte
1522 4272 1593 4348 rive
1619 4296 1763 4349 numeru

247 4388 390 4466 omnino
420 4391 653 4491 comparabili.
710 4392 756 4469 Id
782 4400 902 4469 autem
930 4392 961 4469 ai
987 4416 1107 4469 verum
1139 4399 1213 4482 est,
1245 4402 1426 4493 sequetur,
1451 4392 1550 4493 quod
1572 4392 1760 4469 dolendum

246 4508 382 4585 lucilius
413 4534 520 4610 quam
552 4512 753 4613 negandum
784 4512 864 4613 quir
893 4513 1044 4605 evincet,
1075 4514 1113 4591 in
1134 4512 1353 4589 institutione
1381 4512 1572 4589 iuventutis
1594 4512 1760 4589 Neerlan·

247 4628 344 4705 dicae
368 4628 554 4707 hodiernae
577 4632 709 4709 litteras
739 4634 900 4735 antiquas
928 4634 1045 4711 studia
1072 4634 1235 4735 praebere
1257 4633 1444 4724 severiora,
1467 4639 1504 4709 et
1526 4632 1604 4708 ideo
1625 4641 1760 4733 partem

245 4746 402 4825 obtinere
424 4749 616 4851 digniorem
639 4751 874 4854 verioremque
897 4778 1005 4854 quam
1025 4754 1249 4845 recentiores,
1273 4754 1410 4830 etiamsi
1431 4754 1639 4831 coucedatur
1664 4752 1761 4853 quod

246 4866 394 4947 nimium
421 4879 532 4965 esset,
558 4872 687 4952 scilicet
707 4872 860 4975 antiquis
884 4874 965 4953 ideo
985 4881 1122 4953 tantum
1149 4894 1217 4956 nos]
1240 4874 1293 4951 uti
1317 4881 1366 4957 ut,
1380 4872 1516 4953 aditum
1538 4874 1585 4953 ad
1607 4882 1760 4951 recente
