4892 6184
678 679 722 750 ns
1212 674 1664 774 s.e.1nrseuu

728 887 948 966 Domestieae
980 887 1070 964 vitae
1101 911 1215 964 annus
1247 911 1396 990 sequens
1420 887 1489 964 fuit
1510 882 1762 974 memorabilis,
1797 883 1929 985 quippe
1955 909 2028 985 quo
2051 909 2194 964 uxorem
2253 987 2257 992 Ι

538 1005 542 1012 ’
681 1007 840 1098 duxerit,
864 1008 1005 1084 viduam
1027 1007 1091 1083 viri
1112 1008 1319 1108 amplissimi
1340 1010 1539 1098 Omnem,
1562 1031 1584 1084 e
1605 1011 1710 1107 gente
1733 1003 2006 1104 IJsseldykiana

727 1127 797 1202 Per
817 1129 863 1202 25
886 1151 995 1202 anuos
1015 1126 1052 1201 in
1076 1125 1210 1201 dibutis
1237 1127 1306 1202 sibi
1334 1128 1462 1204 studiis
1490 1125 1685 1204 excolendis
1708 1149 1900 1224 corumque
1921 1125 2093 1201 trumba
2113 1150 2196 1202 cum

679 1245 835 1322 studiosa
853 1245 1034 1320 inventute
1056 1245 1356 1322 communicandis
1363 1255 1536 1334 remmus,
1560 1243 1993 1320 eumseltmrrwaunrrus
2005 1244 2196 1344 praestitit,

679 1365 818 1466 qualem
845 1364 918 1440 lore
947 1365 1018 1442 iam
1047 1374 1129 1441 ante
1159 1365 1251 1441 cives
1279 1365 1356 1440 eius
1387 1365 1643 1452 iudicaverant3
1675 1363 1959 1462 necquidquam
1989 1365 2102 1464 magis
2129 1364 2198 1440 sibi

678 1485 774 1561 cordi
805 1509 881 1560 ease
909 1485 1132 1575 ostendebat,
1166 1509 1274 1584 quam
1306 1494 1348 1560 ut
1380 1485 1482 1562 cives
1501 1481 1715 1560 academicos
1746 1482 1793 1556 ad
1822 1483 1971 1559 audem
2000 1484 2197 1560 mudiomm

512 1711 515 1718 Ι
677 1605 888 1680 alacritatem
912 1607 1091 1694 excitaret,
1116 1630 1187 1706 qua
1209 1606 1285 1706 ipse
1306 1604 1471 1681 fervebat.

726 1723 807 1798 Hoc
837 1733 954 1800 antem
985 1726 1205 1826 potissimum
1238 1725 1314 1802 loco
1346 1725 1502 1801 oboritur
1531 1722 1708 1825 quaestio,
1732 1725 1803 1801 iam
1828 1725 1905 1800 vivo
1928 1724 2196 1800 Rsmwaunrm

678 1843 826 1944 agitata,
858 1847 920 1945 qui
941 1847 1020 1934 liat,
1053 1854 1095 1921 ut
1115 1847 1190 1946 ipse
1221 1846 1268 1921 de
1297 1845 1480 1920 Indiarum
1505 1843 1736 1919 Orientalium
1758 1843 1903 1920 hutone
1930 1842 2081 1918 naturali
2110 1843 2198 1917 nihil

676 1961 809 2062 publici
840 1963 925 2040 iuris
953 1965 1096 2040 secent?
1145 1967 1184 2041 Si
1213 1965 1396 2041 nobiscum
1425 1971 1629 2063 reputamus
1656 1962 1744 2061 quid
1765 1964 2034 2040 erwasonro
2058 1962 2197 2061 publice

570 2183 575 2190 Ι
678 2083 764 2158 iuris
788 2083 899 2160 lucere
920 2087 1109 2185 potuisset,
1143 2111 1255 2187 quum
1283 2109 1347 2185 per
1375 2109 1435 2161 ser
1462 2108 1572 2160 annos
1594 2083 1632 2158 in
1657 2082 1746 2159 Jsva
1772 2083 1888 2158 insula
1911 2090 2065 2158 moratus
2088 2091 2198 2170 esset,

677 2202 740 2276 ubi
762 2203 913 2280 disemus
934 2213 971 2280 et
992 2230 1098 2303 quam
1122 2207 1274 2282 maxime
1291 2204 1474 2303 frugiferas
1494 2203 1752 2303 disqnintimes
1773 2203 1990 2291 instituerat,
2023 2204 2059 2276 'et
2087 2226 2196 2301 quan·

675 2331 793 2420 tepere
811 2347 942 2422 *renum
973 2325 1185 2404 natmalium
1215 2323 1394 2399 scientim
1425 2347 1553 2423 augere
1583 2330 1690 2421 atque
1716 2345 1918 2420 pmmoserc
1947 2321 2131 2411 velasset,
2167 2323 2197 2396 si
2285 2341 2293 2350 ·

675 2441 860 2516 memoriae
894 2441 1039 2541 prodere
1070 2443 1195 2518 harum
1227 2442 1497 2541 inquisitionum
1526 2441 1663 2516 tructus
1693 2429 1891 2529 statuisset,
1923 2439 1969 2515 sb
2007 2443 2084 2540 ipso
2115 2440 2201 2525 hacc

676 2583 752 2634 esse
787 2561 1029 2659 praetermissa
1067 2561 1221 2661 prolecto
1256 2571 1311 2637 est
1346 2561 1443 2660 qnod
1475 2560 1698 2636 uehementer
1733 2559 1923 2636 doleamus.
1973 2559 2198 2657 Quicumque

678 2699 759 2754 vero
781 2678 892 2755 altum
913 2679 1001 2756 illud
1023 2681 1201 2756 silentium
1222 2681 1366 2756 murtiae
1389 2679 1530 2755 cuidam
1556 2680 1739 2769 tribueret,
1764 2704 1807 2755 eo
1828 2680 1906 2779 ipso
1929 2679 2084 2780 profiteri
2104 2663 2197 2754 videss

677 2805 773 2875 retur
802 2823 857 2889 se,
890 2807 926 2874 et
956 2801 1085 2876 summi
1116 2800 1347 2900 laboriosiqne
1376 2800 1440 2875 viri
1474 2800 1656 2900 ingenium
1685 2801 1845 2899 ignorare
1875 2805 1913 2874 et
1943 2824 1986 2875 es
2017 2799 2198 2899 praecipue

665 2901 813 3010 omnia,
846 2919 975 3018 quibus
1007 2920 1052 2996 de
1084 2921 1274 2996 Academia
1302 2925 1421 2996 nosne
1452 2920 1566 3019 deque
1597 2919 1721 2996 litteris
1761 2918 1932 2994 universis
1972 2918 2111 3018 egregie
2146 2926 2199 2994 est

676 3039 832 3117 meritus.

728 3159 883 3237 Solvitur
894 3168 1012 3239 autem
1029 3164 1088 3270 ilb
1101 3164 1278 3264 quaestio,
1293 3164 1356 3239 ubi
1366 3165 1666 3240 Rsmwmnrrms
1683 3163 1785 3238 nobis
1803 3161 2001 3238 multifariis
2020 3159 2196 3236 maximis·

677 3304 747 3380 que
771 3280 920 3381 negotiis
944 3292 1151 3384 occupatum
1175 3285 1294 3360 animo
1315 3284 1562 3385 proponimus,
1586 3282 1993 3384 quibus-impediebatur
2012 3279 2198 3381 quominus

678 3401 893 3478 continenter
917 3411 954 3476 et
973 3404 1095 3480 sedulo
1120 3412 1322 3504 congestam
1343 3403 1439 3478 illam
1463 3404 1642 3480 materiem
1664 3404 1872 3504 disponeret.

724 3513 830 3598 Anno
865 3525 961 3598 1883
989 3523 1077 3600 testo
1108 3525 1185 3615 illc,
1220 3547 1327 3624 quem
1357 3530 1394 3598 et
1419 3523 1523 3598 hodic
1548 3524 1784 3614 celebramus,
1810 3525 1868 3600 die
1897 3549 1941 3601 er
1966 3523 2032 3600 hcc
2058 3522 2197 3622 amplis·

677 3643 765 3718 simo
790 3641 928 3718 dicendi
953 3642 1028 3719 loco
1049 3645 1240 3720 orationem
1266 3642 1390 3719 habuit
1418 3643 1500 3718 rde'
1513 3645 1700 3744 Geologioe
1725 3653 1806 3720 ortu
1826 3651 1863 3720 et
1879 3644 2089 3746 progressu”
2107 3666 2198 3740 quae

678 3761 774 3836 haud
798 3761 916 3839 minus
937 3786 978 3835 ae
998 3764 1211 3862 superiores,
1235 3789 1324 3863 quas
1347 3763 1473 3839 habuit
1495 3765 1686 3855 orationes,
1708 3766 1825 3842 denuo
1835 3766 2083 3841 documentum
2097 3786 2196 3862 prae·

680 3879 780 3968 buit,
805 3886 1016 3980 quantopere
1042 3881 1078 3954 in
1101 3880 1222 3980 lingua
1248 3907 1319 3980 qua
1343 3882 1507 3959 utebatur
1529 3895 1710 3984 regnaret,
1734 3909 1911 3986 quamque
1936 3889 2115 3985 perspecta
2135 3881 2195 3957 ha·

680 3997 777 4074 beret
809 4007 916 4099 atque
948 4000 1086 4100 cognita
1114 4024 1355 4101 quaecumque
1383 4001 1430 4075 ad
1456 4011 1599 4078 naturae
1631 4004 1786 4081 studium
1811 4031 1852 4082 ac
1878 4003 2094 4104 disciplinam
2119 4025 2194 4100 per·

675 4118 800 4195 tinent.
1890 4113 1894 4118 ’

725 4239 860 4314 Aderat
882 4239 1033 4340 deniqne
1054 4249 1217 4342 tempus,
1244 4265 1315 4342 quo
1339 4240 1566 4319 honorificum
1588 4243 1818 4344 debitumque
1836 4245 1904 4320 sibi
1922 4244 2033 4321 otium
2044 4267 2089 4318 ex
2099 4241 2192 4318 labo

677 4358 864 4436 riosissima
888 4359 959 4438 vita
981 4361 1273 4439 anwsaunrus
1294 4360 1548 4457 nancisceretur
1570 4373 1607 4439 et
1632 4389 1751 4441 mense
1774 4365 1867 4442 Iulio
1888 4363 1972 4440 enni
1988 4367 2082 4438 1845
2105 4362 2193 4438 rude

677 4477 827 4555 donatus
850 4487 913 4556 est.

726 4598 786 4673 Ad
808 4606 1021 4677 senectutem
1041 4609 1201 4702 provecto
1218 4603 1489 4680 anwaanrro
1507 4601 1573 4680 boc
1594 4605 1670 4682 sine
1689 4605 1798 4682 dubio
1820 4614 1961 4707 gratnm
1981 4602 2191 4680 iucundum·

680 4739 749 4816 que
782 4716 906 4794 debuit
936 4719 1108 4813 accidere,
1141 4723 1259 4822 quod,
1300 4722 1551 4824 adpmperaute
1588 4723 1665 4815 die,
1701 4749 1772 4826 quo
1803 4723 2058 4826 quinquaginta
2091 4720 2192 4798 annis

600 4883 606 4912 t
678 4843 760 4914 ante
792 4861 922 4918 munus
954 4839 1188 4920 academicum
1217 4841 1372 4938 obierat,
1404 4845 1509 4922 amici
1533 4845 1753 4949 fautoresque
1775 4845 1980 4924 rotensem
2000 4843 2035 4920 ei
2053 4841 2191 4940 insigne
