4892 6184
768 705 811 772 10
937 779 943 788 ,
1299 711 1336 776 l'.
1373 709 1416 776 G.
1456 709 1751 780 salceta

765 914 946 1004 mrem,
988 939 1099 1016 quum
1139 916 1732 1018 mriisinsingulisprovinriis,
1769 911 2287 1018 egr'uultmeetmedicinae

763 1033 905 1133 publice
927 1037 1125 1112 constitutis
1148 1035 1337 1126 sodalitiis,
1361 1039 1476 1113 wcius
1495 1039 1758 1114 adscriberetur.

813 1157 920 1232 Anno
950 1159 1046 1230 1808
1080 1155 1238 1230 Rectoris
1266 1157 1446 1254 magnifieri
1477 1157 1516 1230 in
1547 1157 1738 1234 Andanis
1764 1151 2031 1230 Harderrioensi
2056 1173 2205 1226 munere
2229 1176 2288 1226 so·

763 1275 870 1350 lemni
904 1274 1090 1348 defunctus
1124 1281 1179 1348 est
1214 1273 1369 1348 oratione
1404 1276 1473 1348 nde
1502 1276 1715 1372 praestantes
1745 1273 1900 1350 chemise
1931 1269 2133 1346 recentioris
2156 1271 2197 1345 in
2221 1297 2288 1346 ns-

761 1403 861 1470 turse
883 1403 920 1469 et
941 1395 1027 1470 artis
1047 1394 1295 1494 pbsenomeuis
1314 1393 1564 1494 explicandis?

811 1515 916 1588 Anno
948 1515 1043 1588 1808
1081 1515 1370 1603 erwsamro,
1393 1540 1416 1590 a
1439 1537 1584 1589 munere
1604 1512 1803 1588 mdemieo
1822 1519 1986 1598 avocato,
2015 1509 2085 1584 alis
2103 1511 2289 1608 provincia

758 1633 967 1708 demendsta
997 1643 1070 1722 est;
1095 1635 1226 1710 etenim
1249 1635 1441 1733 praefectus
1459 1643 1557 1712 esta
1581 1634 1759 1708 Ludovioo
1785 1634 1884 1732 Rege
1909 1630 2018 1705 hortis
2036 1629 2225 1730 auotogicis
2250 1639 2288 1704 et

758 1751 927 1828 bounicis
950 1754 1072 1853 regiis,
1097 1763 1174 1829 tum
1196 1753 1378 1830 Haarlemi
1402 1755 1591 1828 instructis.

807 1871 940 1947 Eodem
964 1899 1056 1948 anno
1079 1874 1147 1949 alio
1169 1874 1299 1949 bonore
1320 1881 1445 1950 suctus
1466 1883 1536 1964 est,
1564 1895 1678 1972 quum
1698 1871 1831 1970 primae
1849 1869 1969 1946 classis
1984 1869 2151 1943 Instituti
2171 1869 2288 1944 Noer-

756 1991 884 2066 landioi
907 1993 1012 2092 Regii
1037 1994 1140 2068 sociis
1163 1993 1421 2069 adscisceretur.

807 2111 998 2187 Hollaudia
1021 2114 1058 2188 in
1084 2112 1760 2214 formamprorincisegallicaeredseta,
1783 2109 2075 2182 Rarswsaunus
2088 2106 2287 2197 iniisfuit,

756 2231 888 2328 quibus
922 2257 1053 2304 munus
1085 2231 1310 2327 ademptum
1345 2233 1446 2303 cuius
1480 2232 1633 2304 iacturae
1666 2253 1747 2300 vero
1778 2251 1861 2299 mox
1901 2227 2114 2324 praeclaram
2149 2229 2287 2326 aceepit

750 2349 1038 2434 indemnitatem,
1063 2371 1175 2446 quum
1195 2347 1233 2421 in
1253 2347 1435 2423 Athenaeo
1450 2347 1578 2421 illustri
1592 2345 1909 2420 Amstelodameusi
1930 2345 2102 2442 professor
2124 2347 2285 2422 chemise

750 2475 786 2540 et
822 2465 1042 2564 pharmaciae
1073 2465 1387 2555 extraordinarius,
1423 2467 1589 2540 historiae
1620 2491 1701 2539 vero
1734 2464 1901 2538 naturalis
1929 2465 2124 2542 ordinarius
2146 2493 2287 2543 creare·

754 2593 835 2673 tur,
859 2585 967 2684 idque
991 2608 1124 2658 munus
1146 2583 1204 2658 die
1230 2586 1355 2683 quinto
1375 2587 1506 2661 mensis
1530 2585 1740 2660 Novembris
1766 2587 1862 2658 1810
1881 2585 2080 2683 auspicatus
2100 2595 2175 2676 est,
2203 2613 2283 2663 ora·

749 2703 843 2778 tione
875 2701 996 2778 habita
1022 2703 1088 2777 nde
1113 2704 1269 2778 chemise
1293 2711 1330 2779 et
1350 2704 1514 2779 historiae
1535 2703 1705 2778 naturalis
1730 2702 1857 2776 studiis
1877 2711 1971 2778 recte
1988 2704 2258 2783 instituendis’'

796 2823 876 2898 Hae
908 2824 945 2898 in
980 2823 1134 2898 oratione
1167 2848 1387 2924 perversam,
1422 2849 1529 2922 quam
1551 2823 1590 2896 in
1616 2822 1812 2898 excolendis
1843 2822 2035 2922 disciplinis
2057 2825 2284 2902 muralibus

747 2967 817 3017 uon
841 2967 919 3018 raro
946 2943 1047 3042 sequi
1074 2943 1231 3018 solebant
1253 2943 1444 3032 rationem,
1466 2943 1703 3030 demonstrat,
1726 2941 1862 3040 inipso
1886 2941 2031 3018 scientis
2054 2967 2176 3043 neque
2199 2971 2281 3022 auc-

746 3063 885 3139 toritate
903 3087 1019 3163 neque
1042 3063 1294 3138 cousuetudine
1314 3064 1533 3139 abutendum
1555 3089 1649 3153 esse,
1673 3085 1899 3160 normamque
1923 3064 2087 3163 proponit
2104 3065 2154 3140 ad
2171 3091 2281 3165 quam

745 3181 925 3282 inquisitio
951 3191 1096 3258 naturse
1121 3183 1167 3257 sit
1192 3183 1394 3282 dirigenda,
1422 3190 1462 3257 ut
1491 3209 1535 3257 er
1560 3207 1604 3258 ea
1624 3181 1792 3256 uberrimi
1815 3181 1950 3258 frustm
1973 3183 2107 3284 percipi
2130 3187 2278 3285 possint.

793 3302 1047 3378 Amstelodami
1078 3326 1219 3401 quoque
1244 3303 1454 3403 provincism
1485 3302 1553 3377 sibi
1576 3302 1727 3377 delatam
1748 3301 1871 3376 sedulo
1889 3303 1995 3391 obiit,
2020 3304 2278 3403 agriculturae,
2432 3382 2434 3419 ;

745 3419 976 3512 fabricarum,
1009 3422 1222 3511 medicinae,
1247 3423 1482 3522 pharmaciae,
1505 3421 1722 3522 temporibus
1741 3429 1847 3520 atque
1871 3422 2067 3498 rationibus
2093 3429 2277 3527 perpensis
2429 3438 2432 3517 ,³

740 3565 781 3616 ac
819 3543 1010 3640 perspectis
1053 3549 1299 3641 quantumque
1324 3543 1440 3644 potuit
1473 3544 1650 3642 promotis.
1700 3541 1805 3616 Unus
1843 3541 1912 3616 tuit
1943 3569 1988 3618 er
2022 3545 2068 3620 iis
2101 3548 2164 3645 qui
2197 3555 2276 3624 tum

742 3660 893 3734 diadum
915 3659 1092 3734 medicum
1116 3660 1288 3748 edebaut;
1323 3662 1512 3736 certamine
1544 3661 1693 3736 literario
1720 3687 1803 3736 cum
1827 3687 1848 3736 a
1876 3664 2040 3740 societate
2069 3667 2275 3764 'l'eyleriana

744 3787 822 3852 tum
856 3803 877 3852 a
906 3779 1156 3866 Neerlandiea,
1190 3791 1280 3877 quae
1304 3781 1432 3856 dieitur
1456 3781 1656 3870 Haarlemi,
1689 3783 1885 3881 proposito,
1918 3787 2189 3884 programmatis
2214 3789 2275 3864 itte

745 3921 808 3996 pro
831 3903 930 3996 parte
952 3905 989 3972 et
1010 3904 1131 3972 auctor
1155 3897 1305 3997 diligens
1330 3906 1366 3971 et
1389 3907 1551 3974 strenuus
1575 3899 1682 3974 iudex
1708 3899 1852 3974 exstitit.

671 4047 675 4052 ·
793 4017 945 4115 Imperio
963 4016 1214 4115 Napoleoutioo
1235 4017 1425 4107 exstincto,
1450 4043 1561 4116 quum
1577 4019 1770 4119 provinciae
1792 4021 2041 4098 transmarinae
2059 4025 2100 4100 in
2114 4035 2271 4103 nostram

742 4134 911 4210 ditionem
935 4135 1086 4210 redirent
1112 4142 1218 4228 (anno
1246 4138 1379 4230 1818),
1411 4139 1616 4213 mandatnm
1638 4146 1692 4212 est
1713 4139 1984 4216 Rsurwaanrro
2015 4151 2058 4218 ut
2079 4144 2119 4220 iu
2143 4146 2270 4223 lavam

596 4258 603 4274 '
741 4253 891 4330 insulam
917 4280 954 4330 se
976 4255 1163 4346 conterret,
1188 4256 1250 4330 ubi
1271 4257 1335 4346 iis,
1367 4281 1458 4356 quae
1478 4257 1525 4333 ad
1538 4257 1800 4357 agriculturam,
1817 4267 1909 4335 artes
1924 4261 2173 4364 doctrinasque
2191 4293 2269 4366 pes.

698 4463 702 4470 ,
740 4373 907 4462 tinerent,
936 4399 999 4476 pro
1030 4375 1120 4450 virili
1148 4383 1247 4475 parte
1273 4377 1491 4476 prospiceret.
1540 4379 1667 4477 Neque
1690 4379 1774 4454 haee
1802 4379 2026 4458 detrectando
2049 4409 2129 4460 esse
2152 4387 2269 4463 Rurs-

740 4516 931 4569 wannrrus
954 4494 1184 4586 existimavit,
1202 4495 1249 4572 ad
1270 4521 1416 4572 munera
1436 4521 1542 4596 quam
1564 4499 1708 4573 maximi
1731 4503 1932 4580 momentis
1946 4505 2148 4606 Republica
2171 4535 2266 4587 voca·

741 4613 862 4702 batur,
896 4614 1025 4714 quibus
1055 4639 1124 4690 non
1148 4616 1263 4716 aptior
1284 4616 1377 4692 ullus
1407 4617 1506 4693 isoile
1528 4618 1738 4696 inveniretur
1745 4655 1756 4711 ς
1789 4623 1931 4724 insuper
1954 4613 2055 4701 illud
2071 4627 2165 4704 vitae
2190 4657 2267 4709 eur-

741 4733 911 4821 riculum,
931 4757 994 4834 pro
1014 4758 1085 4833 quo
1110 4736 1247 4835 saepius
1277 4735 1410 4812 sincera
1434 4743 1513 4813 vota
1537 4748 1756 4840 conceperat,
1788 4743 1840 4818 illi
1868 4768 1976 4843 quam
2002 4749 2161 4825 msximc
2183 4753 2267 4828 arri·

741 4851 863 4928 debat:
894 4859 1056 4931 naturam
1087 4855 1180 4932 enim
1213 4856 1420 4956 perscrutari
1449 4859 1567 4935 iussus
1589 4868 1643 4935 cst
1668 4861 1706 4936 in
1739 4862 1783 4938 iis
1808 4865 2030 4965 regionibus,
2061 4869 2102 4944 in
2134 4872 2267 4971 quibus
