4892 6184
706 641 771 709 288
1300 638 1336 703 E.
1370 635 1399 702 J.
1433 631 1620 712 KillllL,

705 847 905 925 habeamus.
966 844 1092 919 Veram
1126 810 1319 941 namqu&
1337 840 1504 918 sermonis
1544 839 1690 917 alicuius
1722 834 1987 937 intelligentiam
2019 860 2091 914 non
2122 839 2222 917 lacile

704 966 914 1045 obtinebunt
945 963 1021 1039 nisi
1043 960 1265 1063 paucissimi,
1297 970 1359 1038 aut
1392 960 1603 1038 obtinebunt
1632 983 1694 1060 per
1728 956 1844 1033 studio
1877 979 2076 1033 sermonum
2106 958 2221 1035 Iatioi

705 1083 916 1181 Graecique,
939 1103 1129 1178 eorumque
1153 1077 1270 1155 indole
1288 1077 1394 1178 probe
1418 1085 1606 1179 perspecta.

751 1203 820 1278 Ast
854 1200 948 1275 hunc
980 1198 1048 1275 sibi
1080 1197 1233 1273 laborem
1265 1198 1462 1297 imponere,
1495 1198 1541 1273 sd
1575 1198 1669 1273 hunc
1703 1197 1810 1272 finem
1842 1202 2021 1295 penetrare
2043 1195 2129 1271 item
2151 1220 2220 1274 non

703 1327 867 1421 poterunt
892 1319 960 1395 nisi
988 1342 1094 1418 parvo
1119 1341 1281 1408 numero,
1312 1316 1384 1392 iam
1413 1316 1501 1393 mihi
1525 1316 1700 1395 obiectum
1723 1315 1766 1391 iri
1796 1314 1904 1415 probe
1933 1314 2100 1415 intelligo.
2151 1316 2220 1393 Sed

581 1523 585 1533 ,
704 1442 825 1539 loquor
850 1440 894 1514 de
920 1438 1006 1537 ipsis
1035 1437 1090 1511 his
1116 1437 1248 1536 paucis.
1297 1436 1368 1511 Eos
1390 1435 1496 1525 dicos
1510 1460 1598 1535 quos
1622 1434 1695 1510 sive
1715 1433 1908 1540 honestiore
1930 1433 2005 1510 looo
2027 1444 2127 1511 natos
2150 1435 2219 1510 sive

701 1584 764 1659 per
795 1558 879 1635 lelix
901 1556 1081 1658 ingenium
1106 1581 1150 1631 ex
1174 1556 1395 1632 inferioribus
1418 1561 1634 1654 emergentes
1661 1552 1740 1629 ideo
1762 1554 1834 1630 iam
1858 1553 2095 1643 instituimus,
2122 1562 2164 1629 at
2185 1564 2220 1629 et

703 1680 809 1755 vitam
843 1678 979 1753 silentio
1010 1702 1055 1753 ne
1083 1677 1298 1776 transigant,
1324 1676 1430 1755 veluti
1455 1698 1598 1774 peoorm
1622 1680 1658 1749 et
1686 1674 1772 1749 tales
1801 1667 1907 1762 fiant,
1932 1673 2064 1771 quibas
2087 1674 2218 1773 possint

701 1822 757 1873 res
778 1798 925 1875 abemus
946 1797 1113 1873 momenti
1137 1796 1245 1897 probe
1266 1796 1440 1896 permitti,
1466 1795 1595 1895 quibus
1617 1794 1749 1895 possit,
1774 1793 1804 1868 si
1827 1792 1982 1907 singulas
2009 1799 2100 1869 artes
2126 1818 2218 1892 spec·

703 1925 838 2006 temus,
860 1918 931 1993 ium
952 1917 997 1991 de
1019 1940 1123 2016 aegm
1142 1916 1246 1992 morti
1267 1915 1462 2016 eripiendo,
1485 1916 1538 1991 vel
1557 1914 1601 1989 de
1623 1911 1829 2013 repellendis
1848 1912 2044 2013 potentium
2067 1912 2220 2002 iniuriis,

703 2043 747 2139 ut
771 2043 884 2112 cetera
914 2036 968 2112 vel
995 2036 1198 2135 gravissima
1223 2018 1380 2123 ὶιιοοιιίιι,
1411 2033 1579 2110 iudicium
1610 2058 1697 2109 esse.
1747 2034 1790 2107 In
1820 2032 1951 2132 quibus
1980 2032 2066 2108 item
2099 2042 2217 2123 erunt,

704 2156 766 2254 qui
787 2164 939 2231 nostram
962 2156 1083 2232 fallent
1104 2154 1411 2254 exspectationem,
1433 2154 1495 2229 sed
1516 2162 1692 2229 annuente
1711 2153 1788 2228 Deo
1806 2152 1950 2253 Optimo
1971 2152 2129 2231 Maximo
2152 2179 2218 2229 non

565 2273 569 2284 '
703 2275 859 2349 omnium
882 2275 1022 2375 ingenia
1040 2276 1296 2351 obdormissent
1318 2299 1432 2373 neque
1451 2273 1633 2374 peribant,
1654 2298 1719 2348 neo
1742 2296 1880 2347 summa
1902 2296 1966 2347 nos
1988 2296 2105 2347 rerum
2131 2274 2219 2349 deci·

703 2395 785 2494 piet.
835 2395 913 2469 Hcs
935 2395 1045 2494 igitur
1069 2394 1153 2471 satis
1176 2403 1350 2494 superque
1372 2395 1426 2471 vel
1449 2394 1498 2469 sio
1521 2393 1670 2483 maltos,
1703 2392 1920 2467 iuventutem
1945 2416 2026 2468 mox
2050 2392 2218 2468 academi-

702 2537 779 2588 cam
809 2511 986 2612 intelligo,
1017 2511 1287 2588 cultissimoram
1318 2536 1412 2588 nnnc
1442 2511 1594 2612 prolem,
1630 2536 1734 2611 quam
1769 2512 1903 2587 utinam
1930 2536 2012 2593 mox
2045 2512 2221 2588 videamus

628 2718 632 2724 ‚
704 2632 816 2707 multo
838 2631 944 2707 etiam
963 2632 1155 2707 cultiorem.
1191 2630 1295 2707 Hanc
1316 2632 1424 2733 igitur
1444 2640 1615 2731 quatenus
1636 2654 1706 2705 non
1727 2630 1929 2731 quotidiano
1947 2631 2048 2707 unice
2070 2633 2221 2721 curabit,

704 2760 740 2825 et
769 2751 937 2850 cogitabit
972 2751 1077 2827 etiam
1111 2750 1270 2851 digniore
1303 2732 1409 2852 quam
1437 2760 1477 2827 ut
1501 2752 1663 2851 pecunias
1694 2750 1782 2841 sibi,
1807 2758 1843 2827 et
1871 2758 2012 2825 externa
2043 2752 2222 2827 commem

704 2880 821 2968 paret,
855 2895 914 2945 eos
947 2895 1068 2947 omues
1100 2896 1191 2970 quos
1222 2873 1452 2973 cognoscendi
1485 2870 1611 2971 aliquis
1642 2870 1763 2959 ardor,
1796 2878 1832 2945 et
1864 2870 1940 2945 sitis
1971 2895 2078 2970 quam
2105 2870 2222 2947 dicunt

705 2988 881 3063 docuisse
910 2995 1061 3077 exercet,
1095 2989 1158 3064 hos
1183 2992 1279 3081 volo,
1304 3017 1362 3067 eos
1390 2992 1468 3066 dico
1492 2991 1559 3065 nisi
1586 3014 1648 3089 per
1671 2989 1803 3064 litteras
1833 3014 1903 3064 non
1927 3014 2048 3087 posse,
2073 2989 2142 3064 nisi
2162 3016 2220 3091 per

705 3108 837 3192 litteras
866 3108 1027 3207 antiquas
1060 3132 1137 3183 rere
1168 3134 1238 3185 non
1271 3134 1372 3209 posse
1395 3110 1485 3185 hanc
1512 3109 1687 3197 obtinere,
1725 3108 1893 3208 sineque
1920 3106 2035 3183 sordet
2061 3109 2132 3185 uita
2158 3110 2219 3185 hu·

705 3252 809 3303 mana
831 3235 867 3301 et
891 3228 1054 3327 languet,
1077 3252 1194 3304 rerum
1215 3228 1492 3329 intelligentiam.

754 3348 831 3421 Iam
858 3354 977 3421 autem
1007 3346 1073 3421 hae
1095 3347 1229 3423 litterae
1252 3349 1427 3447 quomodo
1457 3355 1540 3425 sunt
1564 3348 1746 3439 colendae,
1769 3357 1810 3424 ut
1833 3348 1988 3425 sincerus
2009 3350 2090 3425 inde
2114 3350 2218 3425 animi

705 3466 840 3555 cultus,
865 3475 902 3541 et
921 3465 1076 3541 doctrina
1098 3491 1168 3543 noa
1188 3468 1326 3545 inutilis
1351 3469 1507 3545 oriatur?
1562 3470 1683 3545 Eritne
1709 3468 1955 3547 desudandum
1975 3469 2019 3543 in
2044 3468 2219 3545 vocabalo-

705 3610 784 3661 rum
824 3587 961 3661 dudum
995 3593 1211 3663 mortuorum
1247 3587 1384 3676 formis,
1421 3596 1457 3661 et
1490 3611 1576 3663 num
1611 3588 1676 3663 hoc
1715 3586 1834 3685 generi
1870 3586 2022 3663 humano
2056 3587 2221 3686 proderit,

709 3707 925 3779 Maccrnsne
954 3706 1124 3781 Pasarne
1156 3706 1324 3784 dicendus
1358 3708 1421 3797 sit,
1463 3732 1507 3784 an
1541 3708 1593 3783 M.
1623 3711 1780 3795 Accaus,
1809 3714 1845 3782 et
1870 3706 2017 3781 tueritne
2047 3707 2223 3783 Murmura

711 3809 841 3897 nomen'
859 3824 969 3911 illius,
993 3849 1038 3899 aa
1059 3826 1251 3916 Mauros,
1276 3828 1338 3926 qui
1360 3828 1557 3903 Socaarnn
1583 3826 1779 3903 emanavit?
1828 3828 1885 3901 Ite
1908 3825 2093 3902 animiam
2116 3828 2223 3901 solent

581 3958 584 3965 ’
712 3941 834 4017 acerbe
855 3943 1047 4017 ratiocinari
1069 3953 1105 4018 et
1127 3944 1313 4035 invidiose,
1331 3947 1430 4023 obliti
1451 3947 1522 4023 lere
1543 3946 1631 4022 nulli
1651 3946 1793 4021 omniuo
1815 3945 2016 4045 disciplinae
2034 3970 2104 4021 non
2126 3970 2223 4045 posse

712 4060 868 4135 eiusdem
890 4063 1029 4163 generis
1051 4062 1238 4139 minutiore
1258 4061 1381 4155 obiici,
1403 4076 1442 4161 et
1461 4092 1531 4142 non
1555 4066 1620 4143 boc
1643 4090 1706 4141 nos
1733 4066 1961 4154 contendere,
1986 4064 2048 4141 sed
2069 4063 2127 4154 id,
2148 4089 2224 4164 pre

713 4181 812 4257 desse
831 4180 1112 4272 humanioribus,
1133 4190 1175 4259 ut
1195 4184 1393 4261 Soousrnu
1411 4188 1633 4265 Pmamave
1652 4192 1872 4286 cognoscant.
1896 4186 2032 4285 Nempe
2051 4183 2224 4259 hisatium

712 4309 765 4377 est
789 4302 915 4376 modus
938 4302 975 4377 in
1000 4302 1126 4393 rebus,
1150 4311 1186 4380 et
1206 4305 1292 4381 certi
1314 4306 1420 4397 fines,
1448 4332 1536 4407 quos
1563 4308 1653 4383 altro
1676 4306 1802 4383 citrove
1824 4312 1958 4381 rectum
1980 4328 2050 4381 non
2075 4304 2224 4379 invenie·

712 4432 779 4499 tur.
828 4423 1037 4499 Accuratsm
1068 4423 1227 4502 volumus
1250 4425 1461 4517 doctrinam,
1483 4451 1597 4527 neque
1618 4426 1677 4503 illu
1701 4430 1816 4525 potest
1839 4423 2025 4533 minutiora
2048 4422 2224 4511 omittere,

713 4541 775 4615 sed
800 4553 874 4615 non
902 4540 981 4617 ideo
1009 4541 1054 4616 ad
1086 4547 1344 4647 μικρολογίαν
1365 4546 1570 4623 recidamus.
1620 4548 1702 4625 Qua
1724 4544 1768 4619 de
1786 4568 1825 4619 re
1850 4544 2031 4621 arbitrium
2056 4568 2132 4623 esse
2158 4566 2223 4619 nou

712 4660 837 4757 poterit
857 4659 925 4735 nisi
946 4660 1161 4761 singulorum
1183 4665 1221 4741 iu
1245 4666 1391 4766 singulis
1411 4665 1643 4765 argumentis,
1670 4672 1706 4741 et
1733 4664 1973 4764 unusquisque
2001 4688 2064 4763 pru
2086 4662 2230 4763 ingenio

714 4803 778 4854 sao
794 4780 899 4879 eliget
916 4804 1007 4879 quae
1026 4782 1094 4859 sibi
1112 4784 1309 4883 placebant.
1360 4785 1404 4863 Id
1423 4784 1663 4863 tantammodo
1683 4782 1789 4885 probe
1808 4788 2007 4873 teneamus,
2028 4780 2117 4857 nibil
2130 4804 2228 4881 pror·
