4892 6184
881 683 1158 752 ORATIO.
1715 686 1778 751 141
1906 703 1920 728 f

266 898 440 997 oppositas
461 894 529 968 sibi
549 893 638 968 acies
659 891 843 964 discedunt
865 892 996 966 Christi
1014 899 1207 967 sectatores.
1259 888 1351 975 Alii,
1375 911 1462 986 quos
1481 889 1575 962 haud
1593 889 1642 964 ita
1657 891 1778 989 'procul

265 1043 286 1091 a
318 1017 477 1090 Romano
512 1010 698 1086 Catholicis
732 1009 858 1084 distare
892 1012 991 1088 facile
1022 1036 1209 1111 agnoscas,
1243 1007 1365 1095 iniis,
1399 1009 1628 1108 quaeipsis
1662 1010 1777 1108 pueris

266 1135 379 1210 edocti
412 1140 514 1220 sunt,
548 1131 837 1229 acquiescendum
866 1132 1021 1230 adeoque
1045 1131 1257 1206 credendum
1280 1153 1355 1202 csse
1379 1127 1522 1216 iubent,
1552 1129 1646 1227 quod
1669 1130 1778 1204 credit

264 1232 439 1340 Ecclesia,
463 1276 654 1349 omnesque
676 1251 918 1324 dissentientes
941 1252 1146 1326 coercendos
1169 1251 1223 1323 vel
1248 1247 1467 1348 expellendos
1490 1273 1563 1322 esse
1580 1256 1775 1323 autumant.
1918 1291 1923 1302 ·

265 1374 357 1461 Alii,
372 1374 461 1447 licet
487 1372 531 1448 ab
555 1372 652 1446 omni
675 1371 709 1443 vi
734 1371 1019 1446 dissentientibus
1046 1370 1222 1444 inferenda
1246 1369 1472 1455 abhorreant,
1497 1375 1653 1442 auctores
1676 1368 1776 1443 nobis

265 1502 367 1580 snat,
400 1501 441 1566 ut
469 1493 523 1566 his
552 1491 704 1566 maxime
737 1491 861 1565 diebus
896 1516 960 1565 nos
990 1491 1036 1564 ad
1066 1489 1176 1563 avitae
1208 1486 1442 1562 Confessionis
1470 1489 1665 1562 Palladium
1693 1489 1776 1562 reoi-
1880 1541 1884 1550 1

264 1613 422 1712 piamus,
458 1635 502 1684 ue
536 1618 648 1684 sectae
684 1618 870 1683 nascautur
900 1635 921 1682 e
953 1609 1054 1682 sectis
1088 1615 1124 1681 et
1150 1613 1264 1680 totum
1296 1630 1420 1704 corpus
1445 1606 1578 1680 Christi
1604 1609 1716 1683 multa
1739 1610 1776 1682 in

265 1732 407 1806 disiecta
439 1728 596 1804 membra
632 1728 745 1801 nervis
767 1738 803 1800 et
827 1729 939 1826 capite
960 1727 1127 1800 destituta
1152 1725 1334 1798 divellatur
1362 1733 1397 1799 et
1422 1726 1635 1802 dilaceretur.
1685 1725 1778 1816 Alii,

268 1857 423 1923 verentes
447 1873 492 1921 ne
516 1846 656 1920 libertas
684 1846 880 1920 Christiana
903 1846 990 1944 quid
1017 1845 1216 1919 detrimenti
1238 1846 1369 1944 capiat,
1394 1846 1586 1920 cavendum
1610 1871 1685 1922 esse
1705 1873 1779 1922 rno-

264 1976 349 2041 nent
385 1991 429 2041 ne
458 1967 600 2065 iugum,
630 1966 724 2064 quod
749 1965 919 2038 maiorum
943 1964 1078 2039 humeri
1107 1963 1194 2038 ferre
1229 1965 1477 2055 recusaverint,
1509 1965 1623 2040 denuo
1655 1968 1780 2040 nostris

264 2087 418 2160 humeris
449 2085 665 2185 imponatur,
700 2108 813 2182 neque
846 2083 971 2157 divinis
1001 2083 1154 2157 humana
1178 2084 1456 2182 aequiparantur.
1516 2085 1588 2158 Alii
1615 2085 1780 2184 disruptis

144 2225 147 2230 ·
265 2207 319 2281 his
353 2206 499 2279 uncnlis
534 2205 651 2277 omnia
681 2203 819 2276 misceri
846 2210 883 2295 et
909 2201 1042 2275 turbari
1070 2210 1274 2299 queruntur.
1335 2204 1408 2276 Alii
1441 2204 1590 2301 denique
1628 2205 1780 2278 veritatis
1893 2193 1896 2198 ¹

265 2350 375 2422 aeque
409 2350 449 2398 ao
481 2323 575 2422 pacis
604 2322 833 2395 amantissimi
853 2321 1068 2419 intrantque
1092 2328 1190 2395 extra
1215 2321 1338 2394 Iliacos
1363 2346 1480 2396 muros
1504 2329 1683 2420 peccatum
1706 2347 1781 2396 esse

269 2444 364 2518 haud
390 2451 537 2542 negant,
563 2443 625 2516 sed
647 2441 809 2537 scientiae
830 2441 961 2516 abusus
986 2441 1148 2514 scientiae
1171 2465 1239 2514 usu
1266 2465 1341 2514 esse
1364 2441 1533 2515 tollendos
1559 2441 1779 2530 existimant,

266 2591 288 2637 a
310 2563 420 2638 libera
438 2563 629 2659 eademque
646 2561 705 2659 pia
725 2569 760 2634 et
781 2560 882 2634 docta
903 2560 1056 2634 totitatis
1077 2559 1300 2657 inquisitione
1318 2583 1499 2658 nunquam
1520 2561 1781 2636 intermittenda

265 2683 320 2756 vel
351 2683 468 2780 potius
503 2682 623 2755 aDeo
644 2680 740 2778 ipso,
766 2704 902 2753 summo
930 2679 1081 2752 veritatis
1104 2689 1242 2753 auctore
1273 2679 1463 2776 eodemque
1495 2679 1644 2768 Tutore,
1670 2681 1782 2756 solum

264 2800 352 2874 illud
382 2797 576 2872 remedium
609 2797 692 2870 mali
720 2821 795 2870 esse
823 2797 1031 2895 sperandum
1054 2804 1160 2895 atque
1186 2797 1441 2895 implorandum
1464 2797 1684 2873 arbitrantur.
1735 2801 1782 2874 Et

265 2943 322 2992 me
354 2917 505 2992 maxime
542 2916 587 2990 ab
621 2916 746 2990 horum
779 2914 937 3015 partibus
967 2926 1057 2990 stare
1090 2941 1131 2991 eo
1162 2917 1341 2991 lubentius
1370 2917 1497 3005 fateor,
1532 2942 1602 3015 quo
1631 2920 1783 3016 apertius
1915 2909 1917 2914 ’

265 3038 422 3112 Historia
464 3061 528 3110 nos
568 3036 689 3124 docet,
731 3060 852 3110 omnes
890 3037 1071 3111 hominum
1114 3045 1258 3111 conatus
1292 3037 1351 3110 ad·
1370 3037 1540 3110 sedandos
1579 3038 1712 3112 animos
1748 3047 1784 3112 et

266 3157 516 3232 restituendam
541 3179 662 3254 pacem
699 3197 748 3213 -
778 3156 939 3245 concilia,
967 3157 1144 3255 symbola,
1169 3157 1361 3254 colloquia,
1386 3157 1544 3232 henotico
1565 3201 1615 3218 -
1641 3159 1695 3233 val
1718 3159 1784 3233 mi·

155 3300 159 3313 ⁴
266 3278 360 3352 nime
395 3277 571 3352 suffecisse
605 3277 661 3350 vel
690 3276 805 3350 fausto
829 3302 869 3350 ac
897 3301 1059 3375 prospero
1084 3277 1234 3351 comissa
1260 3283 1396 3350 eventu.
1446 3279 1624 3376 Quotquot
1646 3287 1783 3367 autem,

267 3398 333 3472 etsi
352 3397 519 3471 laudabili
540 3396 639 3471 ducti
661 3396 802 3470 consilio
824 3397 968 3470 tollendi
993 3396 1269 3496 Christianorum
1295 3395 1457 3481 dissidia,
1483 3422 1504 3468 a
1527 3396 1654 3470 talibus
1675 3422 1783 3471 reme·

271 3516 338 3590 diis
372 3518 512 3591 unicam
542 3516 715 3591 Ecclesiae
743 3523 883 3614 sperant
907 3523 1013 3613 atque
1037 3522 1238 3613 exspectant
1265 3515 1433 3601 salutem,
1459 3514 1647 3589 admodum
1670 3533 1785 3590 vereor

269 3659 314 3706 ne
349 3633 443 3707 idem
465 3633 553 3708 illud
576 3634 816 3732 experiantur,
846 3634 942 3731 quod
967 3632 1126 3706 histrioni
1150 3633 1326 3731 quondam
1350 3633 1387 3707 in
1414 3633 1545 3708 ludicro
1571 3637 1784 3734 spectaculo,

271 3777 387 3828 coram
418 3753 629 3827 OaaonoV
660 3754 803 3850 eiusque
832 3751 953 3826 aulicis
978 3751 1118 3838 habito,
1142 3750 1306 3825 occidisse
1329 3751 1488 3850 legimus.
1539 3751 1610 3826 Hic
1640 3754 1785 3843 seilicet,

270 3874 308 3947 in
331 3896 433 3946 scena
450 3859 613 3970 prodiens
634 3881 670 3947 et
689 3873 826 3946 Laorus
841 3871 878 3944 X
901 3894 1082 3969 personam
1103 3895 1210 3970 agens
1229 3871 1285 3944 vix
1306 3870 1392 3944 vidit
1410 3871 1547 3970 iguem,
1572 3873 1785 3948 aLurrrsno

121 4028 128 4040 ·
270 3995 471 4080 incensum,
507 3992 590 4090 quin
622 3993 691 4066 huc
715 3992 797 4066 illuc
824 3991 940 4066 oculos
967 3998 1121 4079 vertens,
1147 3991 1241 4064 unde
1268 4015 1396 4088 aquam
1420 3991 1576 4081 hauriat,
1601 3993 1647 4066 ad
1669 3993 1785 4069 incen-
2005 4095 2009 4105 Ι

272 4115 370 4188 dium
392 4113 670 4212 extinguendum
697 4111 842 4209 quaerit.
892 4112 980 4185 Mox
1004 4112 1093 4185 duae
1117 4133 1244 4197 urnae,
1271 4135 1418 4208 quarum
1440 4112 1546 4186 altera
1567 4138 1659 4212 aqna
1680 4115 1787 4189 altera
1860 4201 1865 4215 ,

272 4236 346 4308 oleo
377 4239 451 4308 erat
482 4232 635 4331 repleta,
669 4256 750 4306 eum
779 4232 984 4319 advertunt;
1020 4240 1056 4305 et
1090 4231 1207 4304 statim
1240 4231 1419 4329 pmsiliens
1450 4231 1513 4306 has
1548 4232 1686 4329 arripit,
1726 4235 1787 4307 sed

273 4353 387 4426 bonus
416 4353 472 4426 ille
504 4362 540 4426 et
571 4352 676 4428 miser
708 4376 779 4426 non
810 4376 938 4451 aquam
963 4351 1026 4425 sed
1049 4347 1165 4426 oleum
1185 4351 1262 4450 igni
1280 4351 1454 4438 infundit,
1480 4358 1516 4426 et
1539 4351 1608 4426 iam
1630 4353 1788 4428 flamma-

273 4497 352 4546 rum
376 4473 632 4571 assurgentium
656 4474 823 4572 adspectu
846 4472 1069 4572 perterritus,
1094 4495 1257 4571 praeceps
1280 4495 1300 4544 e
1327 4495 1428 4545 scena
1453 4495 1490 4545 se
1516 4472 1656 4571 corripit
1682 4481 1786 4572 atque

272 4592 356 4666 aulu
383 4593 419 4667 't
942 4584 979 4660 .'

285 4711 289 4715 ’
323 4617 393 4784 ΝΞ1
412 4720 529 4786 tamen
561 4713 645 4788 haec
677 4737 756 4788 mea
787 4712 880 4787 dicta
909 4712 959 4786 ita
991 4712 1284 4812 interpretemini,
1319 4735 1446 4808 quaeso
1469 4710 1514 4784 A.
1537 4711 1587 4784 A!
1621 4712 1720 4809 quasi
1745 4737 1788 4787 err

195 4853 207 4874 ·
276 4853 355 4904 mea
388 4832 559 4907 sententia
591 4833 628 4908 in
661 4833 834 4932 praesenti
860 4857 974 4907 rerum
1009 4832 1205 4908 conditione
1236 4832 1286 4906 nil
1315 4831 1398 4906 boni
1421 4829 1474 4904 vel
1497 4829 1578 4905 laeti
1602 4840 1693 4905 esset
1714 4831 1787 4907 lau·
