4892 6184
876 693 1153 765 onnr10.
1706 702 1773 768 299

253 923 338 1001 usus
368 901 414 978 ad
446 900 597 978 abusum
627 898 797 989 recidam,
827 902 921 1000 quod
945 902 1045 979 facile
1068 909 1123 978 est
1144 903 1182 979 in
1204 910 1412 1003 argumento
1434 904 1490 980 vel
1511 928 1604 981 nuno
1628 904 1771 981 minime

252 1024 442 1112 exhausto,
476 1031 512 1097 et
546 1021 651 1119 quod-
675 1020 802 1119 poterit
830 1022 959 1097 maiore
990 1024 1028 1097 in
1060 1023 1136 1099 dies
1160 1021 1302 1112 erdore,
1333 1030 1369 1098 et
1398 1025 1612 1123 argumentis
1635 1049 1771 1125 semper
1916 1101 1925 1117 Ι
1973 1115 1977 1125 1

253 1144 350 1219 novis
378 1150 414 1216 et
445 1139 732 1229 accuratioribus,
766 1142 1046 1242 nominibusque·
1065 1143 1167 1234 variis
1190 1168 1306 1243 neque
1331 1144 1376 1219 ab
1401 1144 1601 1219 bominibus
1625 1145 1771 1234 iisdem,

252 1263 299 1338 ad
330 1263 417 1335 fines
449 1260 535 1334 item
565 1259 717 1335 diversos
744 1267 782 1333 et
810 1262 890 1360 plus
919 1288 990 1337 nno
1012 1262 1116 1339 modo
1141 1263 1208 1338 sub
1233 1264 1385 1339 iudicem
1409 1265 1567 1341 revocari„
1617 1266 1671 1341 De
1700 1290 1770 1363 quo

254 1383 379 1456 sinon
409 1379 545 1454 dudum
565 1388 602 1453 et
621 1380 828 1479 cogitassem
859 1390 895 1455 et
922 1382 1198 1482 inquisivissem,
1221 1390 1411 1484 praestaret
1436 1393 1564 1473 tacere,
1580 1368 1629 1459 'at
1655 1386 1771 1461 omnia

252 1503 322 1577 iam
345 1507 522 1600 comperta
542 1524 601 1574 me
628 1499 755 1575 babere
780 1487 951 1600 superbus
973 1526 1085 1577 essem
1108 1510 1146 1577 st
1164 1502 1322 1602 ineptus,
1350 1504 1380 1579 si
1404 1511 1573 1603 putarem.
1624 1505 1669 1579 Id
1695 1506 1770 1579 uni·

253 1646 334 1697 cum
362 1620 483 1720 magni
510 1644 588 1695 esse
619 1618 757 1695 videtur
788 1622 973 1709 momenti,
1008 1622 1166 1727 bociam
1192 1646 1267 1697 esse
1292 1632 1452 1723 tempus,
1476 1648 1547 1722 quo
1571 1624 1615 1698 ab
1640 1626 1773 1724 optimo

254 1764 394 1840 quoque
415 1731 600 1839 cogitando
621 1740 668 1814 sit
688 1748 726 1814 et
733 1741 995 1839 propugnanda
1017 1741 1208 1818 iuventutis
1231 1750 1367 1817 nostrae
1388 1742 1581 1832 institutio,
1607 1746 1772 1843 quonism

253 1868 291 1935 et
325 1858 421 1959 vulgi
458 1858 661 1934 commentis
692 1860 883 1958 premitur,
912 1859 1026 1958 iisque
1057 1859 1275 1960 singulorum
1304 1848 1485 1937 effectibus
1508 1864 1616 1939 animi
1642 1864 1771 1963 quibus

254 1982 340 2055 dum
369 1980 526 2055 homines
551 2004 674 2053 sumus
698 2004 768 2054 non
791 1980 981 2078 poterimus
1006 2003 1139 2067 carere,
1166 1987 1203 2055 et
1225 1982 1301 2080 ipss
1327 1980 1463 2070 civitas,
1488 1982 1633 2080 eiusque
1661 1986 1772 2083 magi-

198 2183 203 2190 ⁸
253 2108 383 2174 stratus
408 2099 567 2173 nondum
589 2098 803 2187 invenerint,
827 2099 1001 2197 quomodo
1026 2099 1201 2174 labentem
1226 2100 1337 2199 ipsam
1364 2106 1401 2173 et
1430 2101 1646 2177 vacillantem
1670 2104 1773 2178 susti·

254 2227 360 2295 neant
396 2243 437 2294 ao
468 2226 643 2293 tueantur.
704 2218 789 2291 Huc
822 2219 929 2293 etiam
963 2226 1206 2317 penetrarunt,
1241 2244 1331 2319 quae
1365 2218 1449 2294 alibi
1477 2244 1641 2319 apparere
1672 2232 1775 2321 saepe

256 2341 404 2414 laetatus
434 2364 533 2426 snm,
570 2338 740 2414 libertatis
777 2337 905 2413 scilicet
928 2337 1048 2426 initia,
1083 2339 1146 2413 sed
1180 2338 1272 2428 eius,
1304 2326 1411 2437 quam
1437 2346 1473 2413 et
1494 2339 1718 2415 immodicam
1737 2349 1774 2415 et

256 2446 536 2536 nocentissimam
559 2459 673 2534 dicere
694 2458 838 2533 minime
862 2457 997 2533 dubito.
1046 2458 1180 2534 Hocin
1201 2466 1425 2559 argumento,
1446 2458 1476 2533 si
1498 2458 1614 2547 ullibi,
1636 2459 1774 2535 obviam

255 2580 321 2654 erit
351 2580 508 2654 eundum
539 2585 576 2653 at
598 2578 713 2679 provio
743 2578 1014 2678 cupiditatibus,
1043 2586 1080 2654 et
1102 2578 1259 2678 torpidae
1293 2578 1545 2679 negligentiae,
1577 2579 1642 2655 hoc
1664 2580 1776 2655 futuri

255 2700 420 2799 temporis
451 2706 505 2773 est
529 2696 742 2787 Pdlladium,
773 2705 809 2773 et
845 2722 923 2773 vere
957 2699 1093 2773 monuit
1120 2705 1240 2798 poeta,
1273 2724 1314 2775 oa
1345 2724 1434 2798 quae
1458 2699 1529 2774 sint
1550 2707 1586 2774 et
1608 2700 1777 2793 exsistant
1876 2760 1896 2791 ,

255 2818 334 2894 ideo
369 2842 463 2908 esse,
499 2820 663 2919 quoniam
697 2818 891 2919 praeteritis
921 2820 1097 2908 nitantur,
1134 2827 1170 2893 et
1201 2819 1476 2918 complectantur
1509 2818 1656 2895 lutura..
1698 2820 1777 2893 Erit

255 2944 394 3027 autem,
419 2938 488 3013 nisi
511 2940 723 3039 primorum,
747 2940 857 3039 ipsius
881 2939 1003 3038 populi
1025 2939 1136 3014 nostri
1158 2946 1195 3013 et
1218 2938 1370 3014 audonis
1392 2938 1642 3015 Neerlandicae
1664 2940 1776 3015 excel·

256 3058 447 3135 lentissima
481 3059 574 3146 laus,
607 3060 637 3132 si
669 3059 758 3135 hanc
787 3059 944 3133 tuebitm
971 3059 1008 3133 in
1035 3064 1234 3157 posterum,
1259 3064 1337 3131 tum
1364 3057 1440 3131 siue
1459 3056 1569 3131 dubio
1596 3054 1778 3133 eademst
1849 3066 1855 3073 '

193 3245 197 3249 .
256 3178 387 3253 nitetur
407 3177 678 3277 augebiturqua,
698 3179 824 3266 etita,
849 3178 945 3277 quod
965 3177 1003 3252 in
1027 3178 1143 3253 Seotia
1164 3178 1297 3253 factum
1319 3183 1393 3264 est,
1417 3176 1544 3274 poterit
1566 3183 1647 3273 post
1674 3176 1777 3251 breve

258 3295 424 3395 temporis
458 3294 610 3393 spatium
643 3295 769 3369 mirum
803 3303 975 3394 quantum
1006 3296 1212 3393 promoveri
1234 3295 1280 3368 ad
1311 3296 1404 3369 bona
1437 3318 1674 3393 quaecunque.
1726 3296 1778 3371 Ea

257 3425 381 3491 autem
402 3416 457 3488 sio
484 3414 627 3487 demum
660 3414 774 3488 locum
804 3414 930 3488 babere
965 3422 1129 3512 possunt,
1161 3412 1191 3486 si
1207 3419 1389 3521 ‚quotquot
1410 3412 1499 3487 hano
1523 3412 1778 3487 institutionem

258 3557 416 3610 amamus
448 3539 485 3606 et
516 3531 585 3630 ipsi
599 3565 602 3569 ⁴
617 3530 742 3606 damus
773 3556 931 3630 operam,
965 3532 1035 3607 iam
1064 3531 1240 3608 coniuncti
1266 3533 1371 3606 etad
1396 3532 1547 3607 eundem
1571 3532 1678 3607 finem
1702 3546 1776 3607 tan·

259 3653 382 3729 dentes
406 3652 457 3727 nil
478 3651 570 3725 ultro
592 3650 816 3749 quaerimus,
839 3675 946 3750 quom
969 3675 1091 3726 omnes
1110 3676 1181 3727 uno
1205 3650 1368 3727 tollamus
1389 3651 1526 3747 omnia,
1550 3676 1642 3751 quae
1663 3652 1774 3752 ipsam

259 3797 329 3871 quo
366 3772 484 3847 minus
515 3772 651 3871 integra
681 3771 726 3845 sit
758 3780 794 3845 et
827 3771 959 3849 sincera
990 3771 1193 3871 prohibent,
1228 3796 1331 3871 quse·
1348 3779 1385 3847 et
1411 3771 1553 3860 litteris,
1586 3772 1777 3872 ceterisque

260 3893 451 3992 disciplinis
476 3899 512 3967 et
534 3891 746 3989 exponendis
766 3891 832 3967 rite
852 3900 889 3965 et
910 3890 1129 3973 addiscendis
1149 3893 1309 3969 obstant:
1335 3893 1366 3967 si
1387 3892 1472 3967 haec
1493 3892 1605 3995 igitur
1624 3892 1779 3969 molituri

261 4013 349 4087 vires
374 4012 644 4111 coniungamus,
678 4018 713 4085 et
742 4010 916 4085 nobismet
947 4012 1176 4087 concedamus
1208 4010 1360 4087 vicissim
1391 4012 1575 4087 remotiora
1603 4012 1779 4088 minutave

262 4156 522 4231 quaecumque,
554 4132 605 4205 nil
634 4130 779 4205 firmiter
802 4131 989 4207 retinentes
1014 4132 1084 4207 nisi
1111 4132 1206 4230 quod
1229 4156 1406 4207 summum
1431 4138 1504 4219 est,
1530 4131 1655 4232 deinde
1681 4133 1778 4205 sico

260 4252 330 4326 iam
352 4252 469 4327 animo
493 4260 529 4326 et
549 4252 614 4325 hac
634 4249 759 4325 virium
779 4250 970 4326 intentione
989 4251 1184 4327 laborantes
1201 4252 1239 4327 in
1262 4276 1373 4326 unum
1391 4250 1674 4349 congrediamur,
1696 4252 1777 4325 mis·

262 4370 379 4469 sisque
398 4372 442 4445 ‘in
466 4372 659 4470 praesentia
687 4370 810 4446 ceteris
829 4372 967 4472 singule
988 4372 1091 4449 nobis
1113 4396 1346 4474 proponamus
1369 4369 1559 4446 obtinenda
1588 4392 1779 4471 omnesque
1901 4432 1908 4449 ,

262 4491 472 4566 coniunctim
504 4492 717 4582 annitamur,
753 4492 862 4568 donec
894 4492 1035 4569 tandem
1070 4493 1152 4569 licet
1188 4494 1300 4610 multo
1341 4488 1457 4567 labore
1492 4496 1594 4590 gutta
1629 4490 1779 4591 lapidem

262 4617 379 4685 tamen
412 4612 550 4688 caverit.
616 4613 698 4686 Non
731 4611 970 4687 nimiatnobis
1000 4612 1197 4711 quaerenda
1228 4617 1329 4699 sunt,
1362 4633 1432 4684 non
1459 4609 1616 4709 requiro,
1651 4620 1693 4684 ut
1723 4610 1781 4684 vix

263 4728 433 4826 sperando
466 4753 653 4818 conemur,
689 4738 730 4804 ut
759 4753 848 4806 nova
876 4730 1048 4831 quaedam
1078 4731 1286 4807 inducamus
1318 4731 1479 4819 inventa,
1511 4737 1574 4805 aut
1602 4730 1781 4805 insolitum

264 4846 415 4946 aliquem
441 4849 658 4948 splendorem
680 4858 905 4950 appetamus,
931 4850 992 4926 sed
1011 4850 1154 4927 omnino
1173 4850 1365 4928 necessaria
1388 4874 1433 4925 ne
1452 4857 1615 4949 pareant,
1639 4872 1684 4925 no
1707 4848 1784 4925 istis

1466 4972 1542 5045 38*
