4892 6184
728 695 770 762 32
872 715 874 724 ’
1262 694 1295 763 F.
1336 692 1377 764 G.
1419 691 1715 760 K'RIEGER

729 886 916 955 correctam
942 884 979 954 et
1002 878 1222 954 emendatam
1251 903 1337 955 esse.
1387 879 1462 960 Qui
1485 905 1565 956 voro
1592 885 1702 955 artem
1731 875 1900 952 medicam
1923 877 2101 959 exercent,
2126 894 2247 945 eorum

730 1000 915 1098 nonnu!los
945 999 1040 1075 haud
1072 1023 1148 1074 raro
1183 999 1284 1097 quasi
1312 1000 1393 1075 data
1410 1025 1515 1100 opera
1537 999 1712 1099 negligere
1733 993 1923 1093 therapiam
1943 999 1980 1066 ct
1998 990 2101 1090 pauci
2120 990 2247 1066 habere

730 1100 874 1210 videbis.
925 1118 1054 1210 Multi,
1080 1118 1142 1216 qui
1164 1117 1300 1192 scholae
1321 1118 1574 1220 physiologicas
1591 1115 1739 1193 asseclae
1757 1112 1921 1214 appellari
1942 1109 2153 1211 glorientur,
2175 1133 2246 1184 me·

734 1239 802 1313 dici
832 1238 1002 1326 officium,
1037 1243 1211 1335 quatenus
1239 1236 1277 1310 in
1310 1238 1466 1337 therapia
1491 1245 1663 1324 vereatur,
1688 1237 1763 1310 iure
1791 1255 1855 1309 suo
1879 1231 1947 1306 sibi
1969 1229 2131 1302 ridentur
2154 1252 2247 1328 sper·

731 1382 833 1446 nere,
849 1383 964 1456 neque
986 1357 1113 1431 desunt
1134 1357 1333 1432 clinicorum
1345 1357 1560 1432 medicorum
1574 1355 1752 1455 exempla,
1770 1352 1932 1452 aquibus
1943 1348 2124 1425 anatomici
2136 1355 2248 1423 status

732 1478 891 1577 diagnosi
924 1476 1181 1576 religiosissima
1214 1501 1318 1577 opera
1343 1485 1508 1565 novatur,
1539 1499 1747 1574 summoque
1770 1496 1873 1573 opere
1903 1469 2016 1544 morbi
2037 1474 2248 1566 symptoma-

732 1608 808 1672 tum
833 1597 1054 1697 erplioationi
1075 1596 1330 1696 physiologicae
1356 1597 1592 1684 incumbitur,
1623 1595 1736 1669 morbi
1761 1615 1863 1668 curae
1888 1613 1966 1664 vero
1993 1586 2248 1684 sanationiaque

596 1715 608 1748 ‘
732 1717 843 1792 obiter
866 1724 1003 1792 tantum
1032 1724 1138 1816 atque
1163 1716 1271 1790 veluti
1294 1717 1331 1792 in
1354 1726 1555 1792 transcursu
1577 1716 1618 1789 fit
1641 1714 1782 1789 mentio.

781 1839 825 1910 In
845 1835 1072 1935 chirurgiam,
1098 1834 1273 1935 geminam
1299 1859 1569 1934 germanamque
1588 1833 1671 1910 artis
1690 1831 1842 1906 medicae
1863 1852 2032 1914 sororem,
2057 1851 2147 1925 quae
2168 1849 2249 1900 cum

733 1956 793 2030 illa
814 1979 1042 2055 quamquam
1074 1948 1265 2029 arctissimo
1288 1955 1436 2058 ¹vinculo
1471 1955 1674 2040 coniuncta,
1706 1950 1844 2051 proprio
1879 1958 1994 2024 temen
2031 1969 2095 2018 suo
2130 1945 2251 2019 itinere

734 2075 908 2175 procedit,
933 2073 1011 2148 illae
1032 2074 1282 2173 querimoniae,
1307 2073 1460 2149 convicia
1480 2073 1539 2148 illa
1557 2097 1627 2148 non
1651 2071 1884 2146 conferuntur.
1943 2069 2045 2142 Illam
2065 2066 2160 2140 enim
2181 2066 2250 2140 iem

734 2195 928 2295 antiquitus
957 2202 992 2267 et
1022 2201 1113 2268 certe
1134 2217 1202 2266 non
1224 2193 1327 2291 plane
1347 2194 1518 2268 immerito
1538 2217 1739 2268 conoessum
1759 2197 1813 2264 est
1836 2187 1963 2263 eximio
1982 2187 2047 2262 hoc
2065 2194 2101 2260 et
2122 2184 2252 2284 duplici

734 2339 817 2414 prae
841 2313 1011 2389 medicina
1037 2311 1089 2384 uti
1114 2311 1315 2410 privilegio:
1348 2337 1459 2412 quum
1494 2313 1670 2412 diagnosis
1698 2309 1892 2409 chirurgica
1919 2306 2138 2384 solidioribus
2160 2303 2250 2378 luni·

732 2441 826 2508 tatur
858 2431 1114 2518 fundamentis,
1151 2437 1228 2503 tum
1266 2433 1378 2506 multo
1415 2433 1544 2509 meiore
1577 2433 1705 2505 fruitur
1736 2431 1926 2505 efficacium
1958 2427 2253 2526 probatorumque

732 2551 964 2628 remediorum
1002 2550 1119 2647 copia,
1152 2549 1283 2647 quibus
1314 2552 1491 2651 propulset
1518 2552 1758 2626 imminentem
1783 2558 1930 2626 mortem
1952 2558 1988 2624 et
2012 2548 2254 2622 labefactatam

735 2671 972 2746 valetudinem
1007 2668 1211 2764 corroboret.
1263 2670 1484 2772 chirurgiam
1519 2698 1597 2747 vero
1630 2673 1692 2772 qui
1722 2672 1928 2770 profitentur
1955 2677 1992 2744 et
2024 2677 2254 2743 exercent-
2338 2715 2343 2722 =

738 2815 802 2864 nec
827 2791 1033 2888 quisquam,
1057 2786 1280 2887 quiquidem
1294 2789 1450 2866 animum
1463 2792 1501 2866 in
1517 2791 1605 2866 hanc
1617 2815 1691 2865 rem
1703 2789 1907 2876 attenderit,
1931 2787 2058 2862 infitias
2071 2785 2254 2860 ibit-iis

598 2997 603 3002 ,
735 2935 806 2984 non
833 2933 976 3009 regnare
1011 2908 1148 2983 videtur
1174 2909 1392 3010 pathologin,
1418 2911 1480 2986 sed
1505 2937 1576 2987 une
1599 2911 1671 2987 lere
1695 2910 1850 3008 therapia
1872 2933 1975 2983 curae
1998 2907 2162 3005 cordique
2186 2913 2252 2981 est.

737 3031 856 3128 Atque
878 3029 915 3102 in
938 3028 1053 3129 aprico
1086 3037 1138 3103 est
1163 3054 1225 3104 cur
1244 3029 1310 3106 hoc
1334 3030 1384 3104 ita
1406 3056 1442 3105 se
1466 3031 1602 3108 habeat.
1654 3031 1762 3110 Quod
1783 3029 1877 3103 enim
1903 3029 1941 3102 in
1964 3026 2138 3126 chirurgia
2158 3024 2253 3125 prin·

736 3175 818 3249 ceps
841 3151 935 3224 locus
955 3149 1129 3250 therapiae
1150 3150 1369 3239 conceditur,
1393 3151 1618 3226 tribuendum
1631 3150 1670 3225 id
1691 3158 1746 3226 est
1762 3149 1870 3224 indoli
1883 3147 2104 3234 morborum,
2124 3145 2255 3243 quibus

734 3269 867 3345 mederi
904 3269 1045 3358 nititur,
1080 3269 1210 3368 quique
1249 3295 1377 3371 magna
1410 3296 1473 3371 pro
1505 3280 1603 3372 parte
1635 3273 1710 3347 eius
1745 3279 1828 3346 eunt
1856 3270 1993 3370 generis
2023 3277 2065 3342 ut
2090 3265 2257 3367 peculiari

738 3375 892 3490 prorsus
914 3391 1041 3466 auxilio
1074 3389 1264 3489 indigeant.
1326 3393 1416 3467 Sunt
1449 3393 1543 3467 enim
1570 3393 1607 3467 hi
1635 3391 1769 3479 morbi,
1797 3390 1860 3490 qui
1889 3389 2038 3464 turbatis
2065 3385 2256 3486 organismi

735 3512 888 3610 partium
920 3510 1030 3584 forma
1064 3511 1118 3584 vel
1149 3511 1281 3585 ratione
1321 3499 1624 3611 (organisationem
1659 3512 1795 3604 dicum)
1829 3511 1925 3586 nasci
1957 3509 2089 3598 solent,
2124 3507 2255 3606 quique

734 3629 803 3703 nisi
828 3627 1035 3703 mechanicis
1061 3629 1228 3704 adhibitis
1252 3632 1431 3720 remediis,
1456 3633 1490 3707 h.
1512 3659 1543 3708 e.
1565 3632 1633 3706 nisi
1652 3633 1752 3708 factis
1773 3630 2031 3730 operationibus
2053 3627 2255 3726 chirurgicis

737 3749 936 3846 sanguineis
958 3747 1014 3822 vel
1030 3773 1101 3821 non
1119 3748 1339 3848 sanguineis,
1360 3755 1502 3828 omnino
1523 3754 1636 3828 curari
1653 3759 1845 3851 nequeunt.
1894 3753 2019 3850 Itaque
2035 3757 2171 3850 praeter
2182 3773 2254 3822 ma·

738 3866 861 3940 teriem
891 3865 1061 3940 medicam
1086 3869 1221 3966 proprie
1245 3868 1294 3941 sic
1314 3869 1441 3944 dictam
1466 3870 1560 3946 haud
1580 3871 1728 3971 exiguus
1750 3869 1982 3945 remediorum
2001 3893 2168 3943 numerus
2188 3865 2254 3940 sub

740 3985 895 4084 chirurgi
914 3990 968 4059 est
991 3985 1141 4076 dhone,
1167 4011 1315 4085 quorum
1335 3997 1371 4062 et
1393 3991 1429 4062 in
1453 4015 1523 4066 una
1547 3976 1721 4090 chhurgia
1740 3999 1794 4065 est
1812 4015 1898 4065 usus
1917 3998 1953 4065 et
1976 4015 2017 4064 ee
2034 3997 2088 4064 est
2101 3987 2254 4073 indoles,

738 4113 780 4179 nt
808 4105 909 4194 vitia,
946 4104 1076 4204 quibus
1109 4107 1271 4182 tollendis
1302 4108 1512 4199 inserviunt,
1545 4135 1790 4210 saepenumero
1828 4119 1968 4211 repente
1999 4120 2176 4207 tamquam
2208 4132 2256 4180 ex

736 4224 922 4322 improviso
953 4226 1092 4316 tollant,
1124 4227 1434 4329 imminentemque
1463 4231 1606 4306 iamiam
1642 4241 1790 4306 mortem
1819 4238 1979 4331 prompto
2013 4229 2149 4306 auxilio.
2172 4225 2254 4299 ilioo

737 4343 870 4443 lugent.
922 4349 1023 4424 Quae
1043 4371 1124 4422 cum
1147 4349 1197 4423 ite
1219 4349 1307 4437 siat,
1331 4373 1401 4422 non
1424 4359 1477 4423 est
1498 4351 1593 4448 quod
1613 4352 1778 4427 miremur
1803 4353 1873 4427 iam
1893 4348 2142 4450 antiquissimis
2162 4353 2255 4420 tem·

736 4465 879 4562 poribus
903 4467 1033 4541 multos
1059 4467 1187 4572 luisse,
1212 4468 1274 4566 qui
1299 4469 1517 4567 chirmgiee,
1542 4469 1641 4544 cuiue
1663 4471 1715 4544 vis
1736 4481 1827 4547 esset
1840 4482 1912 4548 tam
1931 4477 2114 4572 prompta,
2135 4466 2255 4566 pulcra

737 4592 773 4656 et
808 4585 1003 4674 salutifera,
1039 4595 1215 4664 strenuam
1248 4597 1285 4662 et
1320 4588 1488 4663 fervidam
1522 4615 1660 4688 operam
1693 4601 1856 4667 navarent
1889 4603 1925 4666 et
1950 4617 2013 4692 pro
2041 4587 2130 4662 virili
2157 4592 2254 4685 parte

736 4703 949 4778 elaborarent
983 4705 1020 4778 in
1048 4709 1236 4783 excolenda
1268 4701 1570 4808 promovendaque
1601 4720 1692 4800 arte,
1726 4713 1826 4788 ouius
1856 4737 1921 4812 ope
1946 4719 1999 4786 tot
2021 4705 2255 4784 laborantium

736 4822 941 4922 mitigantur
960 4823 1117 4918 dolores,
1142 4828 1343 4927 laetitiaque
1367 4827 1476 4903 oritur
1499 4855 1541 4904 ex
1566 4830 1692 4907 dolore.
