4892 6184
874 687 1149 756 oulr10.
1255 631 1263 652 ·
1709 686 1772 751 173

260 917 351 992 quaa
380 916 461 991 prae
486 891 628 966 caeteris
650 889 873 990 philosophae
900 893 1118 994 appellantur
1140 891 1288 968 cultores
1309 891 1482 992 optimum
1509 892 1555 968 ab
1580 917 1622 968 ea
1642 891 1773 966 ratione

262 1012 461 1114 exemplum
491 1011 558 1086 sihi
589 1034 725 1086 sumere
756 1011 896 1089 dehent.
946 1015 1017 1089 Sed
1050 1020 1091 1090 ut
1118 1013 1165 1089 ad
1191 1012 1391 1110 scriptorem
1417 1012 1592 1111 adquam
1617 1010 1772 1111 proxime

262 1131 521 1229 provocavimus
543 1130 744 1218 redeamus,
769 1130 1058 1231 iurisprudentiae
1079 1157 1208 1207 munus
1229 1131 1266 1204 in
1287 1155 1329 1205 eo
1352 1131 1450 1228 ponit
1472 1138 1533 1218 ut,
1559 1137 1693 1228 praeter
1707 1129 1774 1204 alia
1815 1207 1821 1214 ,
1854 1144 1856 1147 ’

263 1248 374 1323 multa
409 1247 502 1346 quae¹
529 1249 700 1347 suscipere
729 1248 765 1321 in
790 1273 827 1323 se
851 1258 956 1348 atque
977 1252 1138 1349 perficere
1161 1250 1305 1337 debeat,
1337 1249 1373 1323 in
1400 1234 1478 1325 vera
1503 1250 1588 1324 iuris
1608 1248 1775 1348 principia
1885 1231 1895 1240 ’

263 1367 434 1466 inquirat,
467 1391 577 1466 eaque
607 1363 768 1446 scientiae
790 1369 896 1444 veluti
918 1370 1098 1446 maiestate
1121 1376 1219 1468 septa
1240 1377 1276 1442 et
1298 1369 1435 1444 munita
1450 1376 1591 1443 tueatur
1611 1369 1775 1442 adversus

264 1489 452 1564 instantem
471 1495 577 1586 atque
602 1488 823 1587 ingruentem
842 1513 1083 1588 aggressorum
1109 1489 1200 1576 vim,
1226 1488 1288 1584 qui
1311 1489 1397 1560 dum
1419 1513 1461 1561 ea
1482 1488 1594 1562 delere
1616 1513 1659 1561 ex
1679 1487 1775 1584 inge·
1805 1514 1807 1525 ¹

265 1609 333 1682 niis
366 1608 547 1682 hominum
577 1614 682 1704 atque
715 1607 885 1682 institutis
921 1609 1127 1706 populorum
1156 1607 1317 1695 student,
1353 1607 1420 1705 ipsi
1446 1631 1585 1706 quoque
1611 1614 1778 1705 perpetuo

265 1729 311 1802 ad
344 1727 521 1800 scientiam
552 1732 748 1824 provocant.
798 1727 896 1799 Num
923 1727 1100 1824 quaestio,
1133 1750 1305 1824 quaenam
1328 1727 1374 1800 sit
1395 1733 1519 1800 natura
1538 1726 1777 1824 proprietatis,

266 1847 497 1918 Pnonnnouo
534 1843 634 1918 unico
668 1843 892 1942 disceptanda
926 1853 964 1918 et
993 1844 1186 1920 dirimenda
1217 1843 1455 1943 relinquetur?
1498 1845 1592 1942 Ergo
1628 1844 1672 1918 de
1705 1844 1780 1917 eius
1902 1834 1905 1838 ⁴

265 1962 427 2062 opinions
460 1961 677 2060 philosophia
711 1963 853 2040 minime
873 1973 1062 2063 tamqnam
1095 1965 1204 2039 hostis
1229 1965 1357 2052 arceri,
1387 1973 1506 2037 contra
1526 1963 1679 2038 studium
1706 1962 1781 2036 eius

268 2081 368 2156 unice
406 2081 639 2156 commendari
668 2089 774 2178 atque
800 2084 1155 2170 celebrari-meretur,
1180 2083 1309 2182 quippe
1331 2107 1420 2182 quae
1448 2082 1555 2156 veluti
1578 2083 1715 2157 animus
1737 2081 1783 2155 sit

268 2199 497 2297 omniumque
528 2201 656 2274 artium
689 2209 724 2274 et
757 2201 990 2276 doctrinarum
1023 2203 1093 2276 vita
1118 2200 1282 2276 dicenda:
1317 2201 1509 2298 optandum
1533 2209 1651 2274 autem
1678 2223 1785 2298 quam

269 2318 418 2394 maxime
447 2328 487 2392 ut
512 2319 644 2392 meliori
673 2318 726 2393 via
749 2344 790 2393 ac
813 2321 944 2394 ratione
968 2320 1030 2394 sed
1051 2320 1125 2417 pari
1147 2319 1365 2418 ingeniorum
1387 2320 1561 2393 alacritate
1585 2328 1621 2392 et
1644 2327 1783 2392 conten-

270 2437 364 2510 tione
384 2437 429 2512 ad
443 2435 749 2534 iurisprudentiam
765 2436 983 2522 traducatur,
1005 2461 1093 2534 quae
1106 2436 1443 2524 Kaurrr,Frcnr1v‚
1460 2437 1784 2534 Faunnnacnnque

270 2563 419 2632 aetatem
444 2556 666 2654 distinguunt
690 2565 726 2629 et
749 2562 882 2630 notant.

321 2678 422 2753 Quae
447 2698 557 2770 quum
584 2675 634 2748 ita
658 2675 747 2768 sint,
782 2698 962 2772 quumque
997 2677 1041 2750 de
1070 2677 1201 2750 meliori
1228 2677 1313 2751 iuris
1340 2677 1592 2774 philosophiam
1617 2676 1787 2750 tractandi

272 2794 377 2868 modo
413 2793 633 2868 vehementer
667 2792 781 2866 adhuc
815 2794 1010 2892 discrepent
1039 2820 1158 2870 eorum
1187 2795 1273 2898 adeo
1303 2805 1483 2870 anctorum
1510 2794 1701 2868 sententiae
1726 2795 1787 2891 qui

271 2937 388 2988 revera
411 2912 470 2987 ad
501 2936 577 2986 eam
618 2911 839 2986 excolendam
868 2913 962 2987 haud
991 2937 1114 3011 parum
1142 2913 1409 3001 contribuerint,
1444 2913 1607 3010 equidem
1631 2935 1790 3009 nequeo

274 3055 417 3106 munere
441 3031 537 3128 quod
558 3054 657 3129 gero,
682 3054 840 3128 nequeo
863 3032 1086 3130 magistratus
1109 3056 1179 3130 quo
1200 3031 1287 3105 abeo
1309 3032 1486 3130 dignitate·
1499 3032 1651 3106 alienum
1673 3031 1788 3104 eristi-

274 3151 386 3239 mavi,
423 3151 453 3226 si
485 3151 617 3226 solenni
647 3151 712 3224 hac
745 3153 1003 3251 opportunitate
1026 3175 1154 3250 paucas
1178 3151 1215 3224 in
1239 3151 1393 3225 medinm
1423 3151 1610 3249 proferrem
1634 3149 1789 3225 animad

275 3271 448 3348 versiones
477 3279 550 3346 tom
582 3270 625 3344 de
650 3270 693 3344 iis
717 3294 807 3368 quae
827 3270 865 3344 in
893 3269 1074 3368 disciplina
1096 3293 1191 3344 nuno
1208 3294 1315 3368 prope
1338 3270 1481 3344 dimissa
1504 3271 1627 3344 merito
1655 3270 1789 3343 deside-

275 3391 461 3479 rabantur,
495 3415 601 3490 quam
635 3390 679 3464 de
711 3389 889 3488 principiis
920 3413 1010 3487 quae
1041 3389 1088 3463 ad
1120 3413 1197 3462 eam
1229 3389 1364 3462 firmius
1394 3389 1672 3463 constituendam
1704 3388 1791 3461 mihi

278 3510 401 3584 saltem
431 3509 563 3607 aliquid
593 3509 745 3584 mulene
776 3533 877 3607 posse
905 3507 1112 3582 viderentur.
1163 3509 1288 3603 ltaque
1323 3530 1380 3581 me
1407 3510 1449 3580 de
1482 3507 1683 3603 disceptione
1704 3531 1792 3604 quoe

277 3631 315 3702 s‘or
333 3631 420 3702 iuria
440 3637 565 3702 natura
584 3628 785 3725 suplicando
803 3635 969 3714 emautur,
990 3629 1062 3699 sive
1081 3627 1125 3698 de
1144 3626 1232 3698 iura
1249 3627 1424 3700 doctrinae
1437 3626 1694 3722 philosophicae
1715 3649 1790 3697 cm-

279 3749 350 3820 tr'tu
373 3754 476 3844 atque
494 3749 669 3844 pravitate
695 3745 868 3820 dicentem
898 3769 939 3818 ea
964 3725 1179 3819 humanitate
1202 3743 1352 3819 audiatis
1374 3768 1478 3842 quam
1502 3742 1634 3816 nemini
1659 3767 1702 3816 ex
1727 3741 1791 3816 hoc

280 3871 454 3964 suggestu
480 3862 582 3939 verba
607 3863 746 3939 facienti
767 3885 923 3938 recusare
947 3859 1073 3978 soletis.
1211 3925 1219 3942 ,

331 4103 493 4179 aNatura
513 4103 599 4178 iuris
624 4102 827 4202 explicanda
848 4102 949 4177 nobis
970 4109 1042 4192 est,
1065 4127 1175 4201 eaque
1193 4101 1239 4177 ab
1262 4101 1411 4177 hominis
1426 4109 1550 4176 natura
1569 4101 1792 4200 repetenda.”

281 4223 360 4298 Hoc
393 4223 594 4298 Orcnnorua
631 4222 773 4298 effatum
806 4248 827 4297 a
856 4221 1031 4297 nonnullis
1053 4221 1288 4321 improbatum
1309 4228 1383 4309 est,
1415 4219 1639 4294 monentibus
1664 4219 1793 4318 quippe

282 4351 388 4440 atque
423 4343 509 4418 adeo
542 4341 806 4442 indignantibus
838 4341 1014 4417 hominem
1048 4339 1098 4415 ita
1130 4339 1292 4438 depresso
1322 4340 1398 4413 Deo
1426 4338 1464 4412 in
1499 4339 1634 4412 coelum
1664 4337 1793 4412 extolli.

283 4461 456 4559 Equidem
488 4463 526 4536 id
557 4463 700 4538 minime
726 4461 872 4560 impium
892 4485 1033 4550 censeo,
1066 4459 1170 4538 modo
1196 4483 1276 4534 vera
1290 4457 1398 4532 ¹vocis
1422 4464 1566 4531 naturae
1590 4457 1794 4559 significatio

283 4580 520 4678 perspiciatur.
556 4580 698 4681 Duplici
717 4581 810 4656 enim
830 4605 934 4656 sensu
953 4605 1031 4656 eam
1049 4578 1256 4677 accipimus,
1276 4584 1354 4651 tum
1373 4600 1436 4675 pro
1448 4579 1636 4676 prinmpiia
1658 4601 1747 4676 quae
1774 4602 1796 4651 a

285 4697 476 4774 Orcnnoun
505 4703 680 4776 naturalia
708 4699 886 4790 dicuntur,
918 4708 996 4776 tum
1023 4723 1086 4798 pro
1109 4697 1170 4772 illo
1198 4696 1294 4796 qnod
1324 4696 1371 4771 od
1396 4694 1555 4772 ultimam
1584 4696 1639 4771 sui
1661 4697 1797 4797 generis

286 4817 433 4894 tormam
458 4819 678 4919 speciemque
701 4820 865 4919 pervenit.
914 4817 1059 4910 Differt,
1095 4823 1136 4891 ut
1161 4817 1321 4892 Tnoraan
1343 4815 1534 4914 Maorsrar
1557 4815 1660 4891 verba
1685 4817 1797 4914 eapti·
1845 4877 1848 4884 .
