4892 6184
846 675 1124 742 onsrro.
1418 739 1421 743 ,
1704 683 1747 766 sa

232 885 305 956 iem
324 879 475 978 requiri,
500 878 608 952 fidem
628 880 804 973 informem
824 888 860 954 et
868 885 1080 977 formatem,
1101 903 1207 978 quarn
1230 880 1469 981 appellabant,
1489 887 1746 986 excogitarunt,

232 1006 444 1086 statuentes,
468 1022 532 1074 nos
550 1023 621 1072 non
643 997 735 1087 fide,
760 999 822 1074 sed
846 1000 1028 1099 operibus,
1064 1000 1118 1074 vel
1139 1000 1210 1074 fide
1237 1008 1272 1074 et
1303 1000 1485 1100 operibus,
1517 1005 1646 1103 quibus
1678 1009 1748 1084 vim

232 1118 442 1193 meritoriam
469 1117 691 1206 tribuebant,
728 1121 929 1196 conservari.
977 1120 1105 1196 Valent
1139 1119 1222 1196 haec
1258 1120 1301 1194 de
1333 1121 1511 1196 Ausnrno
1531 1124 1602 1216 00),
1627 1126 1748 1202 Asan-
1856 1161 1859 1172 r

232 1263 354 1313 nanno
372 1240 443 1331 00),
477 1237 610 1313 'Priona
634 1242 806 1340 Aquinate
826 1241 911 1333 000),
944 1239 1031 1316 aliia
1082 1238 1386 1317 Quibusstrenue
1416 1241 1557 1340 quidem
1581 1268 1617 1318 se
1641 1269 1748 1344 oppo-

232 1367 378 1434 suerunt
406 1359 661 1435 Burneianus
699 1360 963 1434 dorovallense
984 1360 1068 1451 ¹⁰¹),
1102 1359 1230 1458 aliique
1255 1359 1421 1460 Theologi
1443 1362 1598 1460 mystici3
1624 1364 1686 1438 sed
1711 1364 1749 1438 hi

232 1503 303 1553 non
324 1502 403 1552 eem
421 1477 620 1553 habuerunt
638 1479 727 1567 vim,
753 1487 795 1553 ut
814 1503 929 1553 veram
948 1478 1031 1551 fidei
1049 1479 1227 1552 notionem
1247 1477 1399 1553 Ecclesia
1419 1480 1625 1580 intelligeret
1643 1491 1749 1582 atque

231 1604 375 1672 teneret.
425 1597 528 1669 Unde
564 1597 694 1671 factum
725 1605 799 1686 est,
825 1605 866 1670 ut
891 1619 1007 1670 rerum
1030 1620 1074 1669 ss.
1100 1595 1368 1674 instauraturum
1391 1607 1545 1699 tempore
1570 1601 1679 1676 altum
1705 1604 1748 1677 de

231 1717 301 1790 fide
331 1722 422 1790 esset
454 1715 631 1789 silentium
653 1715 738 1807 ι00),
785 1720 891 1812 etque
924 1737 1026 1811 opera
1060 1712 1171 1802 bona,
1205 1740 1295 1813 quoe
1330 1717 1445 1816 qualia
1470 1729 1586 1795 essent
1609 1720 1750 1798 historia

230 1861 294 1910 nos
318 1836 439 1922 docet,
464 1832 566 1940 unice
589 1833 823 1909 laudarentur.

280 2075 406 2173 ltaque
441 2099 512 2149 non
546 2081 600 2148 est
632 2074 727 2172 quod
760 2073 937 2163 miremur,
971 2099 1141 2149 amorum
1167 2078 1426 2154 Instauratoree
1456 2078 1492 2152 in
1524 2077 1751 2152 Scholastioos

232 2194 471 2270 vehementius
501 2196 655 2269 invectos
688 2218 764 2268 esse
784 2193 861 2285 000).
911 2193 1002 2291 Ipsi,
1028 2195 1274 2292 praeeuntibus
1297 2197 1368 2271 iarn
1390 2196 1466 2271 aliis
1491 2199 1574 2289 ¹⁰¹),
1611 2197 1752 2272 meliora

232 2315 425 2389 docuerunt
444 2316 523 2407 000).
574 2313 680 2394 Quod
704 2322 745 2388 ut
780 2318 916 2411 pateat,
950 2335 1062 2384 unum
1094 2312 1312 2412 alterumque
1342 2321 1502 2403 tentum,
1539 2340 1583 2388 ne
1618 2317 1752 2414 longior

232 2429 294 2508 fiet
321 2435 447 2523 oratio,
480 2441 558 2508 tum
582 2458 602 2507 e
624 2434 898 2534 Mansurnorus
920 2432 1003 2504 loeis
1026 2439 1062 2505 et
1082 2431 1244 2506 Csnvrru
1266 2436 1492 2522 institutione,
1518 2440 1595 2510 tum
1615 2458 1635 2508 e
1655 2435 1775 2509 libris

231 2554 419 2650 symbolicis
440 2552 556 2626 locum
580 2551 739 2626 laudabo.

284 2670 412 2750 rQuid
444 2670 552 2769 igitur
587 2670 724 2744 fides?''
774 2669 833 2744 Ad
872 2671 961 2745 hanc
998 2670 1236 2768 quaestionem
1274 2672 1469 2770 respondet·
1498 2673 1750 2749 Mansurnou:

138 2844 143 2854 .
235 2796 466 2864 seorstanter
483 2789 644 2864 assentiri
663 2788 767 2864 verbo
784 2789 875 2864 Dei”
890 2790 974 2886 000),
1002 2789 1119 2864 somni
1139 2789 1244 2865 verbo
1262 2789 1354 2864 Dei’'
1375 2793 1451 2884 ¹⁰⁷).
1485 2792 1597 2868 Addit
1613 2801 1751 2868 autemr

236 2916 310 2983 nest
320 2908 408 2983 fides
420 2933 490 2984 non
504 2909 600 2984 aliud
614 2908 682 2983 nisi
690 2908 819 2983 fiducia
830 2907 1081 2984 miserirordiae
1093 2906 1247 2995 divium,
1257 2909 1446 3007 promissae
1455 2909 1492 2984 in
1502 2909 1664 2986 Ohristo’'
1675 2911 1751 3001 100).

236 3029 378 3103 eCredit
402 3029 510 3129 igitur
533 3054 631 3117 vere,
656 3027 718 3127 qui
740 3034 875 3127 praeter
900 3028 1012 3101 minas
1032 3027 1136 3101 etiam
1158 3008 1350 3127 Evabgelio
1369 3029 1497 3117 credit,
1531 3029 1594 3128 qui
1618 3029 1754 3105 vultum
1822 3115 1825 3126 y

236 3148 294 3221 uin
319 3147 587 3222 misericordiam
610 3149 697 3235 Dei,
732 3172 795 3221 seu
820 3146 1019 3234 Christum,
1043 3147 1172 3244 pignus
1202 3146 1454 3222 misericordiae
1488 3147 1643 3237 divinae,
1669 3149 1753 3222 defi·

238 3269 334 3366 ngit'
350 3268 427 3360 000).
481 3268 555 3342 ella
576 3269 664 3342 fides
687 3267 844 3368 pacificat
865 3291 923 3343 cor
944 3275 980 3340 et
998 3264 1183 3355 exhilarat,
1208 3265 1359 3365 facitque
1384 3273 1424 3341 ut
1446 3291 1509 3366 pro
1533 3274 1630 3342 tanto
1650 3267 1754 3342 bene·

237 3389 353 3476 nficio,
387 3413 449 3487 pro
479 3387 673 3464 condonato
702 3393 843 3487 peccato
867 3394 1006 3485 propter
1029 3385 1209 3461 Christum
1230 3387 1427 3462 redametur
1449 3387 1567 3475 Deus,
1599 3387 1754 3485 adeoque

238 3531 355 3582 tamor
384 3507 452 3581 Dei
478 3507 612 3582 fructus
635 3507 719 3580 fidei
747 3508 823 3582 est’'
846 3506 923 3596 ¹¹⁰).
974 3505 1140 3592 Summa,
1171 3504 1288 3578 omnia
1313 3503 1440 3592 habet,
1475 3506 1592 3580 omnia
1619 3514 1755 3602 potest,

238 3627 322 3722 nqui
346 3626 526 3701 Christum
546 3625 671 3713 babet,
696 3627 753 3700 hic
778 3624 928 3712 iustitia,
952 3648 1040 3721 pan,
1065 3623 1156 3710 vita,
1182 3622 1275 3696 salus
1300 3625 1376 3698 est''
1393 3627 1470 3716 ¹¹¹).
1511 3627 1558 3699 nt
1585 3625 1668 3722 equi
1693 3651 1755 3700 no·

238 3752 343 3818 urunt
364 3745 496 3842 peceati
516 3745 603 3833 vim,
624 3770 773 3845 quorum
790 3742 1016 3819 eonscientiae
1036 3741 1168 3838 peceati
1189 3741 1342 3840 cognitio
1360 3744 1522 3842 perculit,
1548 3745 1591 3819 iis
1611 3743 1755 3821 demum

239 3863 429 3962 evoluptati
451 3874 505 3937 est
527 3863 616 3938 bane
644 3865 688 3940 de
712 3864 783 3937 fide
807 3861 998 3937 doctrinam
1022 3860 1268 3953 audire’'=¹¹¹).

284 3982 409 4080 Neque
444 3980 543 4057 aliter
575 3983 774 4058 Osnvrnns.
819 3983 913 4058 Nam
935 3979 1133 4082 praemissis
1158 3980 1333 4055 nonnullis
1363 3982 1407 4055 de
1437 3983 1603 4080 perversis
1629 3983 1756 4060 multo·
1817 4063 1823 4076 ,

235 4126 314 4177 rum
347 4100 568 4199 opinionibus
596 4103 731 4202 locique
762 4101 930 4202 gravitate
960 4103 1047 4193 ¹¹¹):
1086 4100 1310 4200 eprineipio”,
1344 4101 1477 4200 inquit,
1516 4131 1533 4172 e
1547 4103 1757 4178 admonendi

244 4245 407 4310 isumus,
432 4230 635 4322 perpetuam
658 4248 733 4308 esse
757 4221 840 4300 fidei
859 4219 1061 4296 relationem
1083 4244 1166 4295 cum
1186 4219 1308 4308 verbo,
1333 4244 1397 4296 nec
1416 4221 1528 4320 magis
1548 4223 1593 4296 ab
1606 4246 1757 4321 eoposse

240 4341 401 4429 edivelli,
425 4367 531 4438 quam
554 4343 669 4419 radios
691 4371 717 4419 a
739 4344 828 4431 sole,
853 4341 947 4415 unde
967 4339 1147 4429 oriuntur,
1173 4341 1234 4432 (lo.
1256 4339 1348 4413 XX:
1365 4343 1440 4431 31).
1462 4383 1512 4400 -
1539 4368 1556 4408 a
1568 4340 1605 4413 Si
1625 4339 1670 4414 ab
1692 4341 1757 4416 hoc

241 4484 386 4558 escopo,
411 4485 517 4559 quem
539 4463 705 4538 collimati
726 4463 850 4550 debet,
883 4461 937 4535 vel
960 4459 1144 4536 minimum
1169 4458 1449 4545 deflectit'fides,
1474 4465 1635 4534 naturam
1657 4484 1756 4535 suam

241 4602 333 4654 ernon
355 4580 497 4668 retinet,
522 4582 585 4655 sed
606 4582 736 4658 incerta
756 4593 811 4658 est
831 4580 1038 4668 credulitas,
1063 4588 1098 4653 et
1120 4603 1228 4679 vagus
1252 4579 1379 4653 mentis
1403 4602 1505 4655 error.
1556 4577 1657 4655 Idem
1683 4605 1755 4655 ver·

241 4698 349 4774 ubum
372 4691 467 4774 basis'
485 4707 556 4791 est,
582 4727 651 4801 qua
670 4703 811 4781 fulcitur
832 4709 867 4777 et
889 4701 1094 4776 sustinetur:
1121 4698 1215 4773 unde
1237 4699 1267 4772 si
1288 4698 1457 4787 declinat,
1485 4698 1622 4774 corruit.
1658 4698 1756 4774 Tolle

241 4817 371 4918 erigitur
396 4819 563 4912 verbum,
596 4831 632 4896 et
660 4823 755 4898 nulla
783 4820 853 4897 iam
880 4819 1026 4908 restabit
1048 4819 1145 4896 fides.
1170 4861 1222 4880 -
1245 4817 1400 4896 Verbum
1429 4818 1546 4918 ipsum
1574 4863 1623 4877 -
1648 4815 1757 4894 instit

324 4957 329 4968 ’
1493 4942 1537 5011 12
