<?xml version="1.0" encoding="UTF-8"?>
<!DOCTYPE html PUBLIC "-//W3C//DTD XHTML 1.0 Transitional//EN"
    "http://www.w3.org/TR/xhtml1/DTD/xhtml1-transitional.dtd">
<html xmlns="http://www.w3.org/1999/xhtml" xml:lang="en" lang="en">
 <head>
  <title>
</title>
<meta http-equiv="Content-Type" content="text/html;charset=utf-8" />
  <meta name='ocr-system' content='tesseract 3.04.00' />
  <meta name='ocr-capabilities' content='ocr_page ocr_carea ocr_par ocr_line ocrx_word'/>
</head>
<body>
  <div class='ocr_page' id='page_1' title='image "annalesacademic05unkngoog_0069.png"; bbox 0 0 4892 6184; ppageno 0'>
   <div class='ocr_carea' id='block_1_1' title="bbox 722 690 1758 763">
    <p class='ocr_par' dir='ltr' id='par_1_1' title="bbox 722 690 1758 763">
     <span class='ocr_line' id='line_1_1' title="bbox 722 690 1758 763; baseline -0.003 -2"><span class='ocrx_word' id='word_1_1' title='bbox 722 695 916 763; x_wconf 75' lang='lat' dir='ltr'><strong>saulus</strong></span> <span class='ocrx_word' id='word_1_2' title='bbox 949 691 1279 763; x_wconf 77' lang='lat' dir='ltr'><strong>Lucrlouurr.</strong></span> <span class='ocrx_word' id='word_1_3' title='bbox 1716 690 1758 759; x_wconf 78' lang='lat'><strong>59</strong></span> 
     </span>
    </p>
   </div>
   <div class='ocr_carea' id='block_1_2' title="bbox 161 900 1821 3286">
    <p class='ocr_par' dir='ltr' id='par_1_2' title="bbox 161 900 1821 3286">
     <span class='ocr_line' id='line_1_2' title="bbox 337 900 1538 1007; baseline -0.006 -25"><span class='ocrx_word' id='word_1_4' title='bbox 337 907 469 1007; x_wconf 82' lang='lat' dir='ltr'>Legem</span> <span class='ocrx_word' id='word_1_5' title='bbox 492 903 707 980; x_wconf 90' lang='lat' dir='ltr'><strong>Iudiciorum</strong></span> <span class='ocrx_word' id='word_1_6' title='bbox 728 905 938 1003; x_wconf 79' lang='lat' dir='ltr'><strong>privatorum</strong></span> <span class='ocrx_word' id='word_1_7' title='bbox 961 925 1150 1002; x_wconf 88' lang='lat' dir='ltr'><strong>eorumque</strong></span> <span class='ocrx_word' id='word_1_8' title='bbox 1170 900 1386 991; x_wconf 80' lang='lat' dir='ltr'><strong>Historiam,</strong></span> <span class='ocrx_word' id='word_1_9' title='bbox 1407 911 1443 977; x_wconf 90' lang='lat' dir='ltr'><strong>et</strong></span> <span class='ocrx_word' id='word_1_10' title='bbox 1464 925 1538 976; x_wconf 92' lang='lat' dir='ltr'><strong>rem</strong></span> 
     </span>
     <span class='ocr_line' id='line_1_3' title="bbox 386 1019 1757 1122; baseline -0.003 -22"><span class='ocrx_word' id='word_1_11' title='bbox 386 1024 600 1100; x_wconf 88' lang='lat' dir='ltr'><strong>iudiciariam</strong></span> <span class='ocrx_word' id='word_1_12' title='bbox 623 1022 812 1122; x_wconf 85' lang='lat' dir='ltr'><strong>privatam,</strong></span> <span class='ocrx_word' id='word_1_13' title='bbox 846 1023 902 1098; x_wconf 90' lang='lat' dir='ltr'><strong>die</strong></span> <span class='ocrx_word' id='word_1_14' title='bbox 933 1021 1047 1110; x_wconf 87' lang='lat' dir='ltr'><strong>Iovis,</strong></span> <span class='ocrx_word' id='word_1_15' title='bbox 1088 1077 1462 1100; x_wconf 86' lang='grc'><strong>...........</strong></span> <span class='ocrx_word' id='word_1_16' title='bbox 1488 1023 1572 1100; x_wconf 88' lang='lat' dir='ltr'><strong>hora</strong></span> <span class='ocrx_word' id='word_1_17' title='bbox 1583 1019 1757 1110; x_wconf 84' lang='lat' dir='ltr'><strong>x-xrl,</strong></span> 
     </span>
     <span class='ocr_line' id='line_1_4' title="bbox 434 1133 1756 1234; baseline -0.001 -17"><span class='ocrx_word' id='word_1_18' title='bbox 434 1151 470 1217; x_wconf 89' lang='lat' dir='ltr'><strong>et</strong></span> <span class='ocrx_word' id='word_1_19' title='bbox 497 1143 553 1216; x_wconf 89' lang='lat' dir='ltr'><strong>die</strong></span> <span class='ocrx_word' id='word_1_20' title='bbox 579 1142 744 1231; x_wconf 84' lang='lat' dir='ltr'><strong>Veneris,</strong></span> <span class='ocrx_word' id='word_1_21' title='bbox 769 1167 850 1218; x_wconf 92' lang='lat' dir='ltr'><strong>cum</strong></span> <span class='ocrx_word' id='word_1_22' title='bbox 874 1133 1188 1218; x_wconf 74' lang='lat' dir='ltr'><strong>Exercitationibus</strong></span> <span class='ocrx_word' id='word_1_23' title='bbox 1211 1141 1427 1234; x_wconf 79' lang='lat' dir='ltr'>forensibus,</span> <span class='ocrx_word' id='word_1_24' title='bbox 1455 1203 1463 1220; x_wconf 97' lang='lat'><strong>.</strong></span> <span class='ocrx_word' id='word_1_25' title='bbox 1491 1203 1500 1220; x_wconf 94' lang='lat'><strong>.</strong></span> <span class='ocrx_word' id='word_1_26' title='bbox 1528 1203 1536 1219; x_wconf 95' lang='lat'><strong>.</strong></span> <span class='ocrx_word' id='word_1_27' title='bbox 1709 1140 1756 1216; x_wconf 91' lang='lat' dir='ltr'><strong>X.</strong></span> 
     </span>
     <span class='ocr_line' id='line_1_5' title="bbox 337 1263 1536 1364; baseline 0.002 -28"><span class='ocrx_word' id='word_1_28' title='bbox 337 1265 533 1339; x_wconf 88' lang='lat' dir='ltr'><strong>Auctorum</strong></span> <span class='ocrx_word' id='word_1_29' title='bbox 558 1263 779 1340; x_wconf 78' lang='lat' dir='ltr'><strong>classicorum</strong></span> <span class='ocrx_word' id='word_1_30' title='bbox 807 1265 950 1340; x_wconf 85' lang='lat' dir='ltr'><strong>selectos</strong></span> <span class='ocrx_word' id='word_1_31' title='bbox 974 1263 1066 1339; x_wconf 88' lang='lat' dir='ltr'><strong>locos</strong></span> <span class='ocrx_word' id='word_1_32' title='bbox 1087 1263 1132 1340; x_wconf 87' lang='lat' dir='ltr'><strong>ad</strong></span> <span class='ocrx_word' id='word_1_33' title='bbox 1151 1264 1214 1338; x_wconf 88' lang='lat' dir='ltr'><strong>Ius</strong></span> <span class='ocrx_word' id='word_1_34' title='bbox 1235 1263 1435 1340; x_wconf 89' lang='lat' dir='ltr'><strong>Romanum</strong></span> <span class='ocrx_word' id='word_1_35' title='bbox 1459 1288 1536 1364; x_wconf 92' lang='lat' dir='ltr'><strong>per·</strong></span> 
     </span>
     <span class='ocr_line' id='line_1_6' title="bbox 386 1382 1758 1472; baseline -0.002 -14"><span class='ocrx_word' id='word_1_36' title='bbox 386 1385 556 1472; x_wconf 83' lang='lat' dir='ltr'><strong>timentes,</strong></span> <span class='ocrx_word' id='word_1_37' title='bbox 582 1383 639 1458; x_wconf 90' lang='lat' dir='ltr'><strong>die</strong></span> <span class='ocrx_word' id='word_1_38' title='bbox 664 1383 827 1470; x_wconf 88' lang='lat' dir='ltr'><strong>Veneris,</strong></span> <span class='ocrx_word' id='word_1_39' title='bbox 862 1442 871 1457; x_wconf 93' lang='lat'><strong>.</strong></span> <span class='ocrx_word' id='word_1_40' title='bbox 907 1437 1538 1458; x_wconf 90' lang='grc'><strong>..................</strong></span> <span class='ocrx_word' id='word_1_41' title='bbox 1692 1382 1758 1456; x_wconf 90' lang='grc' dir='ltr'><strong>ΧΙ.</strong></span> 
     </span>
     <span class='ocr_line' id='line_1_7' title="bbox 239 1500 1541 1591; baseline 0.002 -17"><span class='ocrx_word' id='word_1_42' title='bbox 239 1500 289 1576; x_wconf 93' lang='grc' dir='ltr'><strong>Η.</strong></span> <span class='ocrx_word' id='word_1_43' title='bbox 313 1501 416 1577; x_wconf 78' lang='lat' dir='ltr'><strong>Coos</strong></span> <span class='ocrx_word' id='word_1_44' title='bbox 444 1504 558 1579; x_wconf 91' lang='lat' dir='ltr'><strong>tradet</strong></span> <span class='ocrx_word' id='word_1_45' title='bbox 576 1504 639 1578; x_wconf 91' lang='lat' dir='ltr'><strong>Ius</strong></span> <span class='ocrx_word' id='word_1_46' title='bbox 658 1503 853 1591; x_wconf 89' lang='lat' dir='ltr'><strong>criminale,</strong></span> <span class='ocrx_word' id='word_1_47' title='bbox 877 1501 1001 1576; x_wconf 93' lang='lat' dir='ltr'><strong>diebus</strong></span> <span class='ocrx_word' id='word_1_48' title='bbox 1019 1501 1160 1589; x_wconf 90' lang='lat' dir='ltr'><strong>Lunae,</strong></span> <span class='ocrx_word' id='word_1_49' title='bbox 1194 1500 1340 1588; x_wconf 85' lang='lat' dir='ltr'><strong>Martis,</strong></span> <span class='ocrx_word' id='word_1_50' title='bbox 1374 1501 1541 1577; x_wconf 79' lang='lat' dir='ltr'>Mercurii</span> 
     </span>
     <span class='ocr_line' id='line_1_8' title="bbox 289 1623 1757 1711; baseline -0.001 -15"><span class='ocrx_word' id='word_1_51' title='bbox 289 1628 325 1694; x_wconf 90' lang='lat' dir='ltr'><strong>et</strong></span> <span class='ocrx_word' id='word_1_52' title='bbox 347 1623 461 1711; x_wconf 85' lang='lat' dir='ltr'><strong>lovis,</strong></span> <span class='ocrx_word' id='word_1_53' title='bbox 500 1679 508 1698; x_wconf 98' lang='lat'><strong>.</strong></span> <span class='ocrx_word' id='word_1_54' title='bbox 546 1676 1537 1699; x_wconf 86' lang='grc'><strong>............................</strong></span> <span class='ocrx_word' id='word_1_55' title='bbox 1749 1679 1757 1696; x_wconf 91' lang='grc'><strong>.</strong></span> 
     </span>
     <span class='ocr_line' id='line_1_9' title="bbox 335 1738 1821 1842; baseline -0.001 -27"><span class='ocrx_word' id='word_1_56' title='bbox 335 1743 397 1818; x_wconf 89' lang='lat' dir='ltr'><strong>Ius</strong></span> <span class='ocrx_word' id='word_1_57' title='bbox 412 1741 593 1842; x_wconf 88' lang='lat' dir='ltr'><strong>publicum</strong></span> <span class='ocrx_word' id='word_1_58' title='bbox 607 1749 642 1816; x_wconf 90' lang='lat' dir='ltr'><strong>et</strong></span> <span class='ocrx_word' id='word_1_59' title='bbox 656 1741 844 1827; x_wconf 88' lang='lat' dir='ltr'><strong>Gentium,</strong></span> <span class='ocrx_word' id='word_1_60' title='bbox 862 1738 987 1813; x_wconf 88' lang='lat' dir='ltr'><strong>diebus</strong></span> <span class='ocrx_word' id='word_1_61' title='bbox 1000 1739 1141 1827; x_wconf 86' lang='lat' dir='ltr'><strong>Lunae,</strong></span> <span class='ocrx_word' id='word_1_62' title='bbox 1159 1739 1285 1816; x_wconf 89' lang='lat' dir='ltr'><strong>Martis</strong></span> <span class='ocrx_word' id='word_1_63' title='bbox 1299 1748 1335 1815; x_wconf 94' lang='lat' dir='ltr'><strong>et</strong></span> <span class='ocrx_word' id='word_1_64' title='bbox 1348 1739 1534 1831; x_wconf 82' lang='lat' dir='ltr'><strong>Mercurii,</strong></span> <span class='ocrx_word' id='word_1_65' title='bbox 1709 1740 1756 1815; x_wconf 90' lang='lat' dir='ltr'><strong>X.</strong></span> <span class='ocrx_word' id='word_1_66' title='bbox 1818 1807 1821 1814; x_wconf 89' lang='lat'><strong>.</strong></span> 
     </span>
     <span class='ocr_line' id='line_1_10' title="bbox 325 1859 1758 1950; baseline -0.002 -13"><span class='ocrx_word' id='word_1_67' title='bbox 325 1865 398 1937; x_wconf 69' lang='lat' dir='ltr'><strong>&#39;Ius</strong></span> <span class='ocrx_word' id='word_1_68' title='bbox 422 1861 598 1950; x_wconf 90' lang='lat' dir='ltr'><strong>naturale,</strong></span> <span class='ocrx_word' id='word_1_69' title='bbox 623 1859 748 1935; x_wconf 88' lang='lat' dir='ltr'><strong>diebus</strong></span> <span class='ocrx_word' id='word_1_70' title='bbox 771 1860 913 1947; x_wconf 88' lang='lat' dir='ltr'><strong>Lunae,</strong></span> <span class='ocrx_word' id='word_1_71' title='bbox 937 1859 1063 1934; x_wconf 86' lang='lat' dir='ltr'><strong>Martis</strong></span> <span class='ocrx_word' id='word_1_72' title='bbox 1087 1866 1123 1934; x_wconf 94' lang='lat' dir='ltr'><strong>et</strong></span> <span class='ocrx_word' id='word_1_73' title='bbox 1146 1860 1331 1950; x_wconf 87' lang='lat' dir='ltr'><strong>Mercurii,</strong></span> <span class='ocrx_word' id='word_1_74' title='bbox 1351 1920 1391 1938; x_wconf 91' lang='lat'><strong>..</strong></span> <span class='ocrx_word' id='word_1_75' title='bbox 1420 1921 1428 1938; x_wconf 94' lang='lat'><strong>.</strong></span> <span class='ocrx_word' id='word_1_76' title='bbox 1455 1919 1464 1939; x_wconf 93' lang='lat'><strong>.</strong></span> <span class='ocrx_word' id='word_1_77' title='bbox 1492 1920 1500 1936; x_wconf 92' lang='lat'><strong>.</strong></span> <span class='ocrx_word' id='word_1_78' title='bbox 1528 1925 1538 1940; x_wconf 83' lang='grc'><em>,</em></span> <span class='ocrx_word' id='word_1_79' title='bbox 1691 1859 1758 1934; x_wconf 91' lang='grc' dir='ltr'><strong>ΧΙ.</strong></span> 
     </span>
     <span class='ocr_line' id='line_1_11' title="bbox 335 1978 1540 2069; baseline -0.002 -13"><span class='ocrx_word' id='word_1_80' title='bbox 335 1981 504 2056; x_wconf 81' lang='lat' dir='ltr'><strong>Ordinem</strong></span> <span class='ocrx_word' id='word_1_81' title='bbox 536 1979 750 2056; x_wconf 90' lang='lat' dir='ltr'><strong>Iudiciorum</strong></span> <span class='ocrx_word' id='word_1_82' title='bbox 771 1978 1020 2067; x_wconf 75' lang='lat' dir='ltr'><strong>criminalium,</strong></span> <span class='ocrx_word' id='word_1_83' title='bbox 1045 1978 1169 2054; x_wconf 85' lang='lat' dir='ltr'><strong>diebus</strong></span> <span class='ocrx_word' id='word_1_84' title='bbox 1192 1980 1334 2069; x_wconf 88' lang='lat' dir='ltr'><strong>Lunae,</strong></span> <span class='ocrx_word' id='word_1_85' title='bbox 1358 1981 1484 2057; x_wconf 90' lang='lat' dir='ltr'><strong>Martis</strong></span> <span class='ocrx_word' id='word_1_86' title='bbox 1504 1989 1540 2055; x_wconf 93' lang='lat' dir='ltr'><strong>et</strong></span> 
     </span>
     <span class='ocr_line' id='line_1_12' title="bbox 383 2100 1760 2191; baseline -0.001 -15"><span class='ocrx_word' id='word_1_87' title='bbox 383 2101 572 2191; x_wconf 85' lang='lat' dir='ltr'><strong>Mercurii,</strong></span> <span class='ocrx_word' id='word_1_88' title='bbox 611 2161 619 2178; x_wconf 90' lang='lat'><strong>.</strong></span> <span class='ocrx_word' id='word_1_89' title='bbox 654 2155 1539 2178; x_wconf 88' lang='grc'><strong>..........................</strong></span> <span class='ocrx_word' id='word_1_90' title='bbox 1673 2100 1760 2175; x_wconf 88' lang='grc' dir='ltr'><strong>ΧΙΙ.</strong></span> 
     </span>
     <span class='ocr_line' id='line_1_13' title="bbox 236 2219 1539 2309; baseline -0.002 -12"><span class='ocrx_word' id='word_1_91' title='bbox 236 2226 265 2299; x_wconf 95' lang='grc' dir='ltr'><strong>Ι.</strong></span> <span class='ocrx_word' id='word_1_92' title='bbox 287 2247 336 2299; x_wconf 86' lang='lat' dir='ltr'><strong>nr</strong></span> <span class='ocrx_word' id='word_1_93' title='bbox 359 2223 456 2297; x_wconf 79' lang='lat' dir='ltr'><strong>Wra</strong></span> <span class='ocrx_word' id='word_1_94' title='bbox 491 2221 684 2297; x_wconf 75' lang='lat' dir='ltr'><strong>Historiam</strong></span> <span class='ocrx_word' id='word_1_95' title='bbox 717 2221 809 2294; x_wconf 88' lang='lat' dir='ltr'><strong>Iuris</strong></span> <span class='ocrx_word' id='word_1_96' title='bbox 840 2219 991 2294; x_wconf 80' lang='lat' dir='ltr'><strong>Romani</strong></span> <span class='ocrx_word' id='word_1_97' title='bbox 1016 2219 1208 2308; x_wconf 78' lang='lat' dir='ltr'><strong>enarrabit,</strong></span> <span class='ocrx_word' id='word_1_98' title='bbox 1242 2219 1368 2294; x_wconf 89' lang='lat' dir='ltr'><strong>diebus</strong></span> <span class='ocrx_word' id='word_1_99' title='bbox 1396 2220 1539 2309; x_wconf 87' lang='lat' dir='ltr'><strong>Lunae,</strong></span> 
     </span>
     <span class='ocr_line' id='line_1_14' title="bbox 285 2340 1759 2431; baseline -0.001 -14"><span class='ocrx_word' id='word_1_100' title='bbox 285 2343 411 2418; x_wconf 87' lang='lat' dir='ltr'><strong>Martis</strong></span> <span class='ocrx_word' id='word_1_101' title='bbox 437 2349 473 2417; x_wconf 93' lang='lat' dir='ltr'><strong>et</strong></span> <span class='ocrx_word' id='word_1_102' title='bbox 497 2342 682 2431; x_wconf 88' lang='lat' dir='ltr'><strong>Mercurii,</strong></span> <span class='ocrx_word' id='word_1_103' title='bbox 716 2398 726 2417; x_wconf 87' lang='lat'><strong>.</strong></span> <span class='ocrx_word' id='word_1_104' title='bbox 762 2395 1537 2416; x_wconf 82' lang='grc'><strong>......................</strong></span> <span class='ocrx_word' id='word_1_105' title='bbox 1692 2340 1759 2417; x_wconf 90' lang='grc' dir='ltr'><strong>ΙΧ.</strong></span> 
     </span>
     <span class='ocr_line' id='line_1_15' title="bbox 333 2457 1540 2562; baseline -0.002 -25"><span class='ocrx_word' id='word_1_106' title='bbox 333 2461 645 2562; x_wconf 81' lang='lat' dir='ltr'><strong>Euryclopaediam</strong></span> <span class='ocrx_word' id='word_1_107' title='bbox 679 2468 715 2534; x_wconf 88' lang='lat' dir='ltr'><strong>et</strong></span> <span class='ocrx_word' id='word_1_108' title='bbox 744 2457 1043 2558; x_wconf 82' lang='lat' dir='ltr'><strong>Methodologiam</strong></span> <span class='ocrx_word' id='word_1_109' title='bbox 1066 2460 1159 2535; x_wconf 88' lang='lat' dir='ltr'><strong>Iuris</strong></span> <span class='ocrx_word' id='word_1_110' title='bbox 1184 2459 1391 2558; x_wconf 82' lang='lat' dir='ltr'><strong>explicabit,</strong></span> <span class='ocrx_word' id='word_1_111' title='bbox 1415 2460 1540 2536; x_wconf 91' lang='lat' dir='ltr'><strong>iisdem</strong></span> 
     </span>
     <span class='ocr_line' id='line_1_16' title="bbox 385 2580 1761 2669; baseline -0.001 -14"><span class='ocrx_word' id='word_1_112' title='bbox 385 2580 530 2669; x_wconf 88' lang='lat' dir='ltr'><strong>diebus,</strong></span> <span class='ocrx_word' id='word_1_113' title='bbox 567 2639 577 2669; x_wconf 93' lang='lat'>‚</span> <span class='ocrx_word' id='word_1_114' title='bbox 614 2634 1537 2655; x_wconf 87' lang='grc'><strong>..........................</strong></span> <span class='ocrx_word' id='word_1_115' title='bbox 1715 2580 1761 2655; x_wconf 91' lang='grc' dir='ltr'><strong>Χ.</strong></span> 
     </span>
     <span class='ocr_line' id='line_1_17' title="bbox 331 2697 1757 2798; baseline -0.001 -24"><span class='ocrx_word' id='word_1_116' title='bbox 331 2701 394 2774; x_wconf 90' lang='lat' dir='ltr'><strong>Ius</strong></span> <span class='ocrx_word' id='word_1_117' title='bbox 417 2699 660 2774; x_wconf 86' lang='lat' dir='ltr'><strong>mercatoriam</strong></span> <span class='ocrx_word' id='word_1_118' title='bbox 684 2705 854 2798; x_wconf 87' lang='lat' dir='ltr'><strong>exponet,</strong></span> <span class='ocrx_word' id='word_1_119' title='bbox 879 2697 936 2772; x_wconf 90' lang='lat' dir='ltr'><strong>die</strong></span> <span class='ocrx_word' id='word_1_120' title='bbox 960 2697 1069 2787; x_wconf 91' lang='lat' dir='ltr'><strong>Iovis,</strong></span> <span class='ocrx_word' id='word_1_121' title='bbox 1108 2759 1116 2774; x_wconf 94' lang='lat'><strong>.</strong></span> <span class='ocrx_word' id='word_1_122' title='bbox 1154 2755 1533 2775; x_wconf 90' lang='grc'><strong>...........</strong></span> <span class='ocrx_word' id='word_1_123' title='bbox 1668 2699 1757 2774; x_wconf 92' lang='lat' dir='ltr'><strong>XII.</strong></span> 
     </span>
     <span class='ocr_line' id='line_1_18' title="bbox 430 2816 1756 2908; baseline -0.002 -14"><span class='ocrx_word' id='word_1_124' title='bbox 430 2826 466 2894; x_wconf 93' lang='lat' dir='ltr'><strong>et</strong></span> <span class='ocrx_word' id='word_1_125' title='bbox 490 2817 546 2893; x_wconf 90' lang='lat' dir='ltr'><strong>die</strong></span> <span class='ocrx_word' id='word_1_126' title='bbox 570 2816 715 2892; x_wconf 88' lang='lat' dir='ltr'><strong>Veneris</strong></span> <span class='ocrx_word' id='word_1_127' title='bbox 725 2870 1533 2908; x_wconf 85' lang='grc'><strong>.......................</strong></span> <span class='ocrx_word' id='word_1_128' title='bbox 1560 2818 1615 2893; x_wconf 92' lang='lat' dir='ltr'><strong>XI</strong></span> <span class='ocrx_word' id='word_1_129' title='bbox 1626 2825 1662 2894; x_wconf 92' lang='lat' dir='ltr'><strong>et</strong></span> <span class='ocrx_word' id='word_1_130' title='bbox 1670 2816 1756 2895; x_wconf 91' lang='lat' dir='ltr'><strong>XII.</strong></span> 
     </span>
     <span class='ocr_line' id='line_1_19' title="bbox 237 2933 1537 3035; baseline 0.002 -23"><span class='ocrx_word' id='word_1_131' title='bbox 237 2940 272 3014; x_wconf 90' lang='lat' dir='ltr'><strong>S.</strong></span> <span class='ocrx_word' id='word_1_132' title='bbox 295 2937 499 3012; x_wconf 81' lang='lat' dir='ltr'><strong>Vrssnrrrro</strong></span> <span class='ocrx_word' id='word_1_133' title='bbox 522 2935 735 3013; x_wconf 79' lang='lat' dir='ltr'><strong>Stetisticam</strong></span> <span class='ocrx_word' id='word_1_134' title='bbox 751 2935 887 3012; x_wconf 86' lang='lat' dir='ltr'><strong>Patriae</strong></span> <span class='ocrx_word' id='word_1_135' title='bbox 908 2934 1112 3035; x_wconf 87' lang='lat' dir='ltr'><strong>explicabit,</strong></span> <span class='ocrx_word' id='word_1_136' title='bbox 1138 2933 1263 3012; x_wconf 88' lang='lat' dir='ltr'><strong>diebus</strong></span> <span class='ocrx_word' id='word_1_137' title='bbox 1282 2938 1422 3026; x_wconf 89' lang='lat' dir='ltr'><strong>Lunae,</strong></span> <span class='ocrx_word' id='word_1_138' title='bbox 1441 2939 1537 3014; x_wconf 91' lang='lat' dir='ltr'><strong>Mar·</strong></span> 
     </span>
     <span class='ocr_line' id='line_1_20' title="bbox 161 3046 1761 3147; baseline -0.001 -13"><span class='ocrx_word' id='word_1_139' title='bbox 161 3079 166 3086; x_wconf 63' lang='lat'><em>⁴</em></span> <span class='ocrx_word' id='word_1_140' title='bbox 285 3058 331 3134; x_wconf 92' lang='lat' dir='ltr'><strong>tis</strong></span> <span class='ocrx_word' id='word_1_141' title='bbox 354 3064 391 3134; x_wconf 93' lang='lat' dir='ltr'><strong>et</strong></span> <span class='ocrx_word' id='word_1_142' title='bbox 414 3058 599 3147; x_wconf 87' lang='lat' dir='ltr'><strong>Mercurii,</strong></span> <span class='ocrx_word' id='word_1_143' title='bbox 636 3116 644 3134; x_wconf 89' lang='lat'><strong>.</strong></span> <span class='ocrx_word' id='word_1_144' title='bbox 681 3117 690 3133; x_wconf 93' lang='lat'><strong>.</strong></span> <span class='ocrx_word' id='word_1_145' title='bbox 725 3113 1539 3134; x_wconf 91' lang='lat'><strong>.......................</strong></span> <span class='ocrx_word' id='word_1_146' title='bbox 1623 3046 1625 3050; x_wconf 55' lang='grc'>’</span> <span class='ocrx_word' id='word_1_147' title='bbox 1729 3060 1761 3134; x_wconf 89' lang='grc' dir='ltr'><strong>Ι.</strong></span> 
     </span>
     <span class='ocr_line' id='line_1_21' title="bbox 333 3175 1759 3286; baseline 0.001 -33"><span class='ocrx_word' id='word_1_148' title='bbox 333 3178 509 3254; x_wconf 90' lang='lat' dir='ltr'><strong>Historiae</strong></span> <span class='ocrx_word' id='word_1_149' title='bbox 533 3179 693 3286; x_wconf 72' lang='lat' dir='ltr'><strong>Iluropae</strong></span> <span class='ocrx_word' id='word_1_150' title='bbox 718 3175 997 3277; x_wconf 87' lang='lat' dir='ltr'><strong>diplomaticam,</strong></span> <span class='ocrx_word' id='word_1_151' title='bbox 1020 3176 1145 3253; x_wconf 86' lang='lat' dir='ltr'><strong>iisdem</strong></span> <span class='ocrx_word' id='word_1_152' title='bbox 1170 3176 1295 3253; x_wconf 91' lang='lat' dir='ltr'><strong>diebus</strong></span> <span class='ocrx_word' id='word_1_153' title='bbox 1306 3236 1535 3267; x_wconf 91' lang='lat'><strong>.......</strong></span> <span class='ocrx_word' id='word_1_154' title='bbox 1708 3181 1759 3255; x_wconf 93' lang='grc' dir='ltr'><strong>ΙΙ.</strong></span> 
     </span>
    </p>
   </div>
   <div class='ocr_carea' id='block_1_3' title="bbox 334 3296 1758 3508">
    <p class='ocr_par' dir='ltr' id='par_1_3' title="bbox 334 3296 1758 3508">
     <span class='ocr_line' id='line_1_22' title="bbox 334 3296 1758 3398; baseline 0 -25"><span class='ocrx_word' id='word_1_155' title='bbox 334 3299 581 3376; x_wconf 90' lang='lat' dir='ltr'><strong>Oeconomiam</strong></span> <span class='ocrx_word' id='word_1_156' title='bbox 607 3298 804 3398; x_wconf 91' lang='lat' dir='ltr'><strong>politicam,</strong></span> <span class='ocrx_word' id='word_1_157' title='bbox 830 3297 886 3372; x_wconf 90' lang='lat' dir='ltr'><strong>die</strong></span> <span class='ocrx_word' id='word_1_158' title='bbox 910 3296 1003 3371; x_wconf 79' lang='lat' dir='ltr'><strong>Iovi·</strong></span> <span class='ocrx_word' id='word_1_159' title='bbox 1016 3356 1534 3386; x_wconf 91' lang='lat'><strong>...............</strong></span> <span class='ocrx_word' id='word_1_160' title='bbox 1726 3300 1758 3388; x_wconf 92' lang='lat' dir='ltr'><strong>I,</strong></span> 
     </span>
     <span class='ocr_line' id='line_1_23' title="bbox 431 3417 1757 3508; baseline 0.002 -15"><span class='ocrx_word' id='word_1_161' title='bbox 431 3427 467 3494; x_wconf 89' lang='lat' dir='ltr'><strong>ct</strong></span> <span class='ocrx_word' id='word_1_162' title='bbox 491 3419 548 3494; x_wconf 89' lang='lat' dir='ltr'><strong>dia</strong></span> <span class='ocrx_word' id='word_1_163' title='bbox 572 3417 717 3493; x_wconf 90' lang='lat' dir='ltr'><strong>Veneris</strong></span> <span class='ocrx_word' id='word_1_164' title='bbox 728 3475 1535 3508; x_wconf 89' lang='lat'><strong>.......................</strong></span> <span class='ocrx_word' id='word_1_165' title='bbox 1586 3421 1642 3496; x_wconf 93' lang='lat' dir='ltr'><strong>IX</strong></span> <span class='ocrx_word' id='word_1_166' title='bbox 1668 3429 1703 3496; x_wconf 89' lang='lat' dir='ltr'><strong>at</strong></span> <span class='ocrx_word' id='word_1_167' title='bbox 1726 3422 1757 3495; x_wconf 96' lang='lat' dir='ltr'><strong>I.</strong></span> 
     </span>
    </p>
   </div>
   <div class='ocr_carea' id='block_1_4' title="bbox 694 3611 1298 3691">
    <p class='ocr_par' dir='ltr' id='par_1_4' title="bbox 694 3611 1298 3691">
     <span class='ocr_line' id='line_1_24' title="bbox 694 3611 1298 3691; baseline 0.002 -2"><span class='ocrx_word' id='word_1_168' title='bbox 694 3615 943 3691; x_wconf 81' lang='lat' dir='ltr'><strong>FAOULTAS</strong></span> <span class='ocrx_word' id='word_1_169' title='bbox 969 3611 1298 3689; x_wconf 77' lang='lat' dir='ltr'><strong>THEOLOGIOA.</strong></span> 
     </span>
    </p>
   </div>
   <div class='ocr_carea' id='block_1_5' title="bbox 148 3775 1753 5051">
    <p class='ocr_par' dir='ltr' id='par_1_5' title="bbox 148 3775 1534 3877">
     <span class='ocr_line' id='line_1_25' title="bbox 148 3775 1534 3877; baseline 0.004 -29"><span class='ocrx_word' id='word_1_170' title='bbox 148 3849 159 3862; x_wconf 77' lang='lat'><strong>,</strong></span> <span class='ocrx_word' id='word_1_171' title='bbox 237 3777 294 3852; x_wconf 90' lang='lat' dir='ltr'><strong>W.</strong></span> <span class='ocrx_word' id='word_1_172' title='bbox 318 3779 361 3851; x_wconf 82' lang='lat' dir='ltr'><strong>A.</strong></span> <span class='ocrx_word' id='word_1_173' title='bbox 384 3800 458 3851; x_wconf 79' lang='lat' dir='ltr'><strong>vra</strong></span> <span class='ocrx_word' id='word_1_174' title='bbox 480 3775 658 3865; x_wconf 79' lang='lat' dir='ltr'><strong>Harena,</strong></span> <span class='ocrx_word' id='word_1_175' title='bbox 682 3785 861 3877; x_wconf 86' lang='lat' dir='ltr'><strong>provectae</strong></span> <span class='ocrx_word' id='word_1_176' title='bbox 876 3778 999 3851; x_wconf 90' lang='lat' dir='ltr'><strong>aetatis</strong></span> <span class='ocrx_word' id='word_1_177' title='bbox 1018 3799 1121 3850; x_wconf 89' lang='lat' dir='ltr'><strong>eausa</strong></span> <span class='ocrx_word' id='word_1_178' title='bbox 1137 3775 1223 3850; x_wconf 90' lang='lat' dir='ltr'><strong>rude</strong></span> <span class='ocrx_word' id='word_1_179' title='bbox 1241 3776 1405 3866; x_wconf 88' lang='lat' dir='ltr'><strong>donatus,</strong></span> <span class='ocrx_word' id='word_1_180' title='bbox 1425 3803 1534 3877; x_wconf 91' lang='lat' dir='ltr'><strong>quan·</strong></span> 
     </span>
    </p>

    <p class='ocr_par' dir='ltr' id='par_1_6' title="bbox 286 3896 1533 3996">
     <span class='ocr_line' id='line_1_26' title="bbox 286 3896 1533 3996; baseline 0.004 -27"><span class='ocrx_word' id='word_1_181' title='bbox 286 3903 362 3970; x_wconf 92' lang='lat' dir='ltr'><strong>tum</strong></span> <span class='ocrx_word' id='word_1_182' title='bbox 387 3920 449 3993; x_wconf 91' lang='lat' dir='ltr'><strong>per</strong></span> <span class='ocrx_word' id='word_1_183' title='bbox 479 3897 569 3972; x_wconf 88' lang='lat' dir='ltr'><strong>viras</strong></span> <span class='ocrx_word' id='word_1_184' title='bbox 592 3896 731 3984; x_wconf 89' lang='lat' dir='ltr'><strong>licebit,</strong></span> <span class='ocrx_word' id='word_1_185' title='bbox 753 3896 963 3972; x_wconf 88' lang='lat' dir='ltr'><strong>Academiae</strong></span> <span class='ocrx_word' id='word_1_186' title='bbox 985 3896 1134 3971; x_wconf 88' lang='lat' dir='ltr'><strong>alumnis</strong></span> <span class='ocrx_word' id='word_1_187' title='bbox 1154 3897 1320 3996; x_wconf 87' lang='lat' dir='ltr'><strong>prodesse</strong></span> <span class='ocrx_word' id='word_1_188' title='bbox 1342 3898 1533 3975; x_wconf 86' lang='lat' dir='ltr'><strong>conabitur.</strong></span> 
     </span>
    </p>

    <p class='ocr_par' dir='ltr' id='par_1_7' title="bbox 336 4015 1752 4236">
     <span class='ocr_line' id='line_1_27' title="bbox 336 4015 1532 4116; baseline 0.004 -27"><span class='ocrx_word' id='word_1_189' title='bbox 336 4015 428 4089; x_wconf 90' lang='lat' dir='ltr'><strong>Cum</strong></span> <span class='ocrx_word' id='word_1_190' title='bbox 473 4015 677 4116; x_wconf 86' lang='lat' dir='ltr'><strong>Theologiae</strong></span> <span class='ocrx_word' id='word_1_191' title='bbox 714 4015 877 4093; x_wconf 86' lang='lat' dir='ltr'><strong>studiosis</strong></span> <span class='ocrx_word' id='word_1_192' title='bbox 914 4015 1184 4116; x_wconf 84' lang='lat' dir='ltr'><strong>provectioribus</strong></span> <span class='ocrx_word' id='word_1_193' title='bbox 1219 4016 1265 4092; x_wconf 90' lang='lat' dir='ltr'><strong>de</strong></span> <span class='ocrx_word' id='word_1_194' title='bbox 1295 4019 1395 4093; x_wconf 90' lang='lat' dir='ltr'><strong>variis</strong></span> <span class='ocrx_word' id='word_1_195' title='bbox 1427 4019 1532 4094; x_wconf 91' lang='lat' dir='ltr'><strong>rebus</strong></span> 
     </span>
     <span class='ocr_line' id='line_1_28' title="bbox 383 4135 1752 4236; baseline 0.006 -26"><span class='ocrx_word' id='word_1_196' title='bbox 383 4135 549 4234; x_wconf 80' lang='lat' dir='ltr'><strong>gravioris</strong></span> <span class='ocrx_word' id='word_1_197' title='bbox 574 4137 767 4236; x_wconf 84' lang='lat' dir='ltr'><strong>argumenti</strong></span> <span class='ocrx_word' id='word_1_198' title='bbox 791 4136 1004 4212; x_wconf 84' lang='lat' dir='ltr'><strong>familiariter</strong></span> <span class='ocrx_word' id='word_1_199' title='bbox 1026 4137 1257 4236; x_wconf 90' lang='lat' dir='ltr'><strong>colloquetur,</strong></span> <span class='ocrx_word' id='word_1_200' title='bbox 1290 4138 1347 4212; x_wconf 89' lang='lat' dir='ltr'><strong>die</strong></span> <span class='ocrx_word' id='word_1_201' title='bbox 1369 4138 1532 4228; x_wconf 88' lang='lat' dir='ltr'><strong>Veneris,</strong></span> <span class='ocrx_word' id='word_1_202' title='bbox 1574 4205 1578 4210; x_wconf 88' lang='lat'><strong>.</strong></span> <span class='ocrx_word' id='word_1_203' title='bbox 1689 4142 1752 4218; x_wconf 87' lang='lat' dir='ltr'><strong>VI.</strong></span> 
     </span>
    </p>

    <p class='ocr_par' dir='ltr' id='par_1_8' title="bbox 237 4255 1750 4467">
     <span class='ocr_line' id='line_1_29' title="bbox 237 4255 1532 4356; baseline 0.005 -29"><span class='ocrx_word' id='word_1_204' title='bbox 237 4256 283 4330; x_wconf 92' lang='lat' dir='ltr'><strong>N.</strong></span> <span class='ocrx_word' id='word_1_205' title='bbox 315 4255 356 4331; x_wconf 86' lang='grc' dir='ltr'><strong>Ο.</strong></span> <span class='ocrx_word' id='word_1_206' title='bbox 383 4255 475 4330; x_wconf 88' lang='lat' dir='ltr'><strong>Krsr</strong></span> <span class='ocrx_word' id='word_1_207' title='bbox 507 4255 700 4331; x_wconf 83' lang='lat' dir='ltr'><strong>Historiam</strong></span> <span class='ocrx_word' id='word_1_208' title='bbox 720 4256 983 4333; x_wconf 85' lang='lat' dir='ltr'><strong>ecclesiasticam</strong></span> <span class='ocrx_word' id='word_1_209' title='bbox 1003 4256 1157 4345; x_wconf 88' lang='lat' dir='ltr'><strong>docebit,</strong></span> <span class='ocrx_word' id='word_1_210' title='bbox 1174 4256 1345 4356; x_wconf 91' lang='lat' dir='ltr'><strong>imprimis</strong></span> <span class='ocrx_word' id='word_1_211' title='bbox 1362 4260 1532 4349; x_wconf 68' lang='lat' dir='ltr'><strong>martiam,</strong></span> 
     </span>
     <span class='ocr_line' id='line_1_30' title="bbox 272 4374 1750 4467; baseline 0.004 -18"><span class='ocrx_word' id='word_1_212' title='bbox 272 4374 409 4450; x_wconf 49' lang='lat' dir='ltr'><strong>*diebus</strong></span> <span class='ocrx_word' id='word_1_213' title='bbox 432 4375 575 4464; x_wconf 85' lang='lat' dir='ltr'><strong>Lunae,</strong></span> <span class='ocrx_word' id='word_1_214' title='bbox 599 4377 724 4452; x_wconf 85' lang='lat' dir='ltr'><strong>Martis</strong></span> <span class='ocrx_word' id='word_1_215' title='bbox 749 4387 784 4453; x_wconf 89' lang='lat' dir='ltr'><strong>at</strong></span> <span class='ocrx_word' id='word_1_216' title='bbox 808 4378 993 4467; x_wconf 92' lang='lat' dir='ltr'><strong>Mercurii,</strong></span> <span class='ocrx_word' id='word_1_217' title='bbox 1030 4435 1528 4455; x_wconf 90' lang='lat'><strong>..............</strong></span> <span class='ocrx_word' id='word_1_218' title='bbox 1664 4378 1750 4454; x_wconf 88' lang='lat' dir='ltr'><strong>XII.</strong></span> 
     </span>
    </p>

    <p class='ocr_par' dir='ltr' id='par_1_9' title="bbox 335 4495 1752 4708">
     <span class='ocr_line' id='line_1_31' title="bbox 335 4495 1532 4599; baseline 0.003 -30"><span class='ocrx_word' id='word_1_219' title='bbox 335 4495 549 4572; x_wconf 85' lang='lat' dir='ltr'><strong>Christianae</strong></span> <span class='ocrx_word' id='word_1_220' title='bbox 573 4497 714 4572; x_wconf 90' lang='lat' dir='ltr'><strong>Morum</strong></span> <span class='ocrx_word' id='word_1_221' title='bbox 729 4498 939 4599; x_wconf 88' lang='lat' dir='ltr'><strong>Disciplinae</strong></span> <span class='ocrx_word' id='word_1_222' title='bbox 958 4505 1092 4598; x_wconf 88' lang='lat' dir='ltr'><strong>partem</strong></span> <span class='ocrx_word' id='word_1_223' title='bbox 1109 4505 1259 4597; x_wconf 81' lang='lat' dir='ltr'><strong>exponet</strong></span> <span class='ocrx_word' id='word_1_224' title='bbox 1278 4497 1475 4575; x_wconf 84' lang='lat' dir='ltr'><strong>historicam</strong></span> <span class='ocrx_word' id='word_1_225' title='bbox 1496 4505 1532 4573; x_wconf 91' lang='lat' dir='ltr'><strong>et</strong></span> 
     </span>
     <span class='ocr_line' id='line_1_32' title="bbox 382 4614 1752 4708; baseline 0.006 -20"><span class='ocrx_word' id='word_1_226' title='bbox 382 4614 628 4707; x_wconf 89' lang='lat' dir='ltr'><strong>theoreticam,</strong></span> <span class='ocrx_word' id='word_1_227' title='bbox 653 4616 778 4693; x_wconf 91' lang='lat' dir='ltr'><strong>diebus</strong></span> <span class='ocrx_word' id='word_1_228' title='bbox 805 4619 945 4708; x_wconf 88' lang='lat' dir='ltr'><strong>Lunae,</strong></span> <span class='ocrx_word' id='word_1_229' title='bbox 969 4618 1134 4694; x_wconf 88' lang='lat' dir='ltr'><strong>Mercurii</strong></span> <span class='ocrx_word' id='word_1_230' title='bbox 1158 4627 1194 4694; x_wconf 93' lang='lat' dir='ltr'><strong>et</strong></span> <span class='ocrx_word' id='word_1_231' title='bbox 1217 4617 1363 4694; x_wconf 87' lang='lat' dir='ltr'><strong>Veneris</strong></span> <span class='ocrx_word' id='word_1_232' title='bbox 1374 4676 1529 4707; x_wconf 91' lang='lat'><strong>.....</strong></span> <span class='ocrx_word' id='word_1_233' title='bbox 1684 4620 1752 4698; x_wconf 93' lang='lat' dir='ltr'><strong>XI.</strong></span> 
     </span>
    </p>

    <p class='ocr_par' dir='ltr' id='par_1_10' title="bbox 333 4735 1753 4947">
     <span class='ocr_line' id='line_1_33' title="bbox 333 4735 1531 4838; baseline 0.005 -30"><span class='ocrx_word' id='word_1_234' title='bbox 333 4735 519 4812; x_wconf 84' lang='lat' dir='ltr'><strong>Doctrinae</strong></span> <span class='ocrx_word' id='word_1_235' title='bbox 554 4745 590 4812; x_wconf 93' lang='lat' dir='ltr'><strong>et</strong></span> <span class='ocrx_word' id='word_1_236' title='bbox 618 4739 834 4838; x_wconf 83' lang='lat' dir='ltr'><strong>Dogmatum</strong></span> <span class='ocrx_word' id='word_1_237' title='bbox 866 4739 1140 4816; x_wconf 90' lang='lat' dir='ltr'><strong>Christianorum</strong></span> <span class='ocrx_word' id='word_1_238' title='bbox 1174 4739 1367 4815; x_wconf 89' lang='lat' dir='ltr'><strong>Historiam</strong></span> <span class='ocrx_word' id='word_1_239' title='bbox 1398 4739 1531 4828; x_wconf 86' lang='lat' dir='ltr'><strong>tradet,</strong></span> 
     </span>
     <span class='ocr_line' id='line_1_34' title="bbox 383 4854 1753 4947; baseline 0.002 -16"><span class='ocrx_word' id='word_1_240' title='bbox 383 4854 508 4932; x_wconf 85' lang='lat' dir='ltr'><strong>diebus</strong></span> <span class='ocrx_word' id='word_1_241' title='bbox 532 4857 626 4934; x_wconf 89' lang='lat' dir='ltr'><strong>Iovis</strong></span> <span class='ocrx_word' id='word_1_242' title='bbox 650 4866 686 4934; x_wconf 90' lang='lat' dir='ltr'><strong>et</strong></span> <span class='ocrx_word' id='word_1_243' title='bbox 708 4856 873 4947; x_wconf 85' lang='lat' dir='ltr'><strong>Veneris,</strong></span> <span class='ocrx_word' id='word_1_244' title='bbox 906 4915 1532 4936; x_wconf 89' lang='lat'><strong>..................</strong></span> <span class='ocrx_word' id='word_1_245' title='bbox 1667 4859 1753 4934; x_wconf 92' lang='lat' dir='ltr'><strong>XII.</strong></span> 
     </span>
    </p>

    <p class='ocr_par' dir='ltr' id='par_1_11' title="bbox 1146 4977 1517 5051">
     <span class='ocr_line' id='line_1_35' title="bbox 1146 4977 1517 5051; baseline 0.003 -39"><span class='ocrx_word' id='word_1_246' title='bbox 1146 5004 1150 5012; x_wconf 92' lang='lat'><strong>.</strong></span> <span class='ocrx_word' id='word_1_247' title='bbox 1463 4977 1517 5051; x_wconf 56' lang='lat'><strong>8}</strong></span> 
     </span>
    </p>
   </div>
   <div class='ocr_carea' id='block_1_6' title="bbox 0 0 2450 6180">
    <p class='ocr_par' dir='ltr' id='par_1_12' title="bbox 0 0 2450 6180">
     <span class='ocr_line' id='line_1_36' title="bbox 0 0 2450 6180; baseline 0 0"><span class='ocrx_word' id='word_1_248' title='bbox 0 0 2450 6180; x_wconf 95' lang='lat' dir='ltr'><strong> </strong></span> 
     </span>
    </p>
   </div>
  </div>
 </body>
</html>
