4892 6184
890 694 1167 765 ORATIO.
1546 751 1551 758 .
1727 700 1790 766 10⁷

270 909 354 984 haec
385 905 505 1007 religio
534 903 864 1006 praestantissimam
895 931 937 980 ee
964 905 1155 982 beneficam
1187 929 1288 982 suam
1319 901 1471 980 indolem
1498 902 1581 980 satis
1608 927 1779 1004 superque

271 1025 552 1128 comprobaverit.

774 1265 803 1331 Δ
824 1266 1056 1336 FAGULTATE
1078 1265 1278 1334 leuiores:

335 1502 366 1576 1.
415 1503 604 1578 Enerretur
626 1500 771 1578 historia
792 1505 1136 1580 fideicommissorum
1159 1505 1197 1577 in
1221 1501 1333 1601 petria
1357 1509 1484 1578 nostre.

318 1623 368 1696 Π.
418 1622 493 1702 Qui
514 1630 593 1721 post
612 1622 804 1697 Honorrnu
829 1626 1006 1700 Gaorrorr
1027 1625 1065 1697 in
1085 1623 1209 1721 Belgio
1233 1627 1350 1695 nostro
1367 1620 1453 1696 iuris
1476 1623 1635 1721 gentium
1658 1624 1780 1724 peritia

267 1741 421 1840 insignes
448 1740 578 1814 locunt
606 1739 670 1814 viri
700 1741 812 1830 docti,
839 1743 959 1818 ordine
984 1743 1234 1841 chronologico
1257 1747 1516 1830 recenseantur,
1542 1742 1667 1818 deinde
1693 1744 1779 1843 quid
1894 1717 1900 1737 ¹

266 1859 303 1932 in
323 1856 493 1957 primariis
515 1856 610 1932 illius
630 1856 831 1957 disciplinae
855 1861 1012 1959 portibus
1037 1859 1166 1960 singuli
1188 1861 1440 1958 praestiterint,
1466 1869 1667 1962 exponetur.

535 2108 561 2171 Α
584 2108 817 2175 FACULTATE
839 2109 1136 2176 Pflrnosonflrtu
1158 2107 1439 2178 Turonurlctu
1461 2112 1511 2178 ET

737 2220 998 2286 LITTERARUM
1020 2218 1314 2287 uenationum:

316 2458 346 2530 I.
396 2455 607 2530 Institnatnr
639 2455 834 2555 disquisitio
864 2456 908 2531 de
941 2455 1108 2532 Hoaanrr
1136 2459 1297 2555 Epistola
1324 2459 1373 2530 cd
1395 2457 1557 2546 Piraeea,
1588 2481 1658 2555 qua
1679 2479 1776 2555 prae·

268 2575 362 2674 cipni
391 2575 476 2662 loci,
508 2575 546 2650 in
573 2575 702 2672 quibua
727 2575 779 2649 vel
801 2577 1004 2665 verborum,
1030 2577 1084 2651 vel
1107 2599 1223 2651 rerum
1248 2576 1476 2651 controversia
1502 2585 1564 2652 aut
1585 2576 1784 2652 obscuritas

267 2697 377 2784 inest,
401 2693 598 2793 ponderatis
622 2693 829 2769 criticorum
853 2697 1063 2785 rationibus,
1088 2695 1315 2794 explicentur.

177 2895 182 2909 ι
315 2816 365 2888 ΙΙ.
413 2814 636 2913 Exponetur,
660 2813 746 2912 quid
765 2815 812 2889 ad
839 2814 1097 2891 diiudicandum
1120 2815 1377 2892 celeberrimam
1397 2816 1442 2890 dc
1465 2813 1572 2890 animi
1594 2815 1776 2890 existentia

266 2933 503 3033 quaestionem
528 2934 593 3009 hac
616 2941 733 3010 nostra
757 2940 868 3010 aetate
889 2933 1163 3034 Anthropologia
1187 2917 1357 3009 attulerit.

789 3182 815 3248 e
839 3128 1072 3250 racunrirr
1093 3180 1262 3249 unnrca:

314 3415 568 3515 Experimentis
602 3420 679 3490 tum
708 3413 746 3488 in
771 3405 884 3503 renis,
918 3420 996 3489 tum
1020 3437 1100 3488 vero
1124 3411 1326 3512 praesertim
1345 3411 1383 3485 in
1405 3411 1651 3487 memmalibue
1676 3411 1776 3486 insti·

266 3535 375 3623 tutis,
406 3533 601 3635 inquiretur
626 3535 664 3608 in
688 3533 917 3609 differentiam
941 3534 1194 3620 mutationum,
1218 3532 1361 3606 vulnera
1384 3537 1419 3605 et
1442 3529 1609 3606 fracturas
1629 3553 1776 3628 sequen·

268 3652 377 3744 tium,
401 3657 520 3755 prouti
542 3655 657 3730 trunci
677 3677 879 3741 nervorum,
903 3653 950 3727 ed
970 3643 1061 3726 laesa
1079 3652 1236 3726 membra
1254 3649 1524 3749 pertinentium,
1545 3650 1600 3726 vel
1619 3649 1790 3739 dissectis

268 3771 323 3845 vel
341 3795 412 3845 non
430 3772 570 3847 desecti
586 3771 734 3860 inerint,
758 3771 808 3846 ita
826 3769 989 3869 quidem,
1013 3779 1072 3858 ut,
1096 3769 1228 3845 ratione
1249 3769 1369 3845 habita
1385 3777 1459 3846 tarn
1480 3769 1647 3859 aliorum,
1672 3795 1780 3870 quam

267 3891 450 3965 Koursou
471 3891 772 3991 disquisitionem,
797 3890 848 3964 vis
868 3913 1051 3964 nervorum
1069 3889 1106 3964 in
1122 3888 1449 3978 inflammationem,
1475 3889 1776 3989 suppurationem,

267 4035 435 4085 novarum
465 4012 622 4085 universe
649 4011 801 4110 partium
832 4008 1089 4098 formationem,
1119 4008 1156 4082 in
1186 4008 1298 4107 ipsam
1329 4009 1416 4085 adeo
1444 4011 1625 4086 vulnerum
1651 4017 1687 4084 et
1708 4010 1774 4086 fre·

268 4139 444 4206 cturarum
467 4129 700 4218 sanationem,
725 4135 896 4228 quantum
918 4129 993 4204 fieri
1016 4129 1145 4228 possit,
1170 4129 1313 4204 eluceat.

424 4379 450 4445 A
473 4378 706 4448 FAGULTATE
726 4377 962 4446 MATHESEOS
982 4379 1033 4446 ET
1056 4375 1353 4446 runosonumn
1374 4377 1622 4445 numetis:

316 4608 347 4681 I.
397 4607 523 4683 Gritice
546 4613 762 4707 exponantur
780 4614 925 4684 naturae
948 4614 1178 4683 scrutatorum
1201 4606 1440 4707 indagationes
1465 4611 1501 4679 et
1525 4602 1705 4705 opiniones
1730 4605 1775 4680 de

268 4725 528 4826 Arthrnpodum
562 4728 740 4804 oculorum
769 4728 1036 4826 compositorum
1067 4726 1215 4815 fabrica,
1250 4733 1286 4800 et
1310 4724 1462 4824 partium
1486 4724 1663 4803 iunctione
1687 4725 1772 4826 phy·

270 4844 447 4947 siologice,
471 4847 619 4941 additis,
645 4854 814 4948 quantum
839 4846 968 4947 possit,
991 4846 1138 4947 propriis
1160 4845 1468 4925 observationibus.

1470 4965 1546 5039 14¹l
