4892 6184
500 1761 733 1826 scannullas
761 1759 1054 1824 GRONINGANAE
1082 1758 1315 1822 consumma
1338 1757 1493 1822 QUIQUE
1512 1759 1565 1821 na
1584 1759 1637 1821 AB
1657 1760 1771 1822 roms

539 1867 602 1939 ES,
622 1863 906 1938 PROFESSOBES,
927 1863 1099 1936 ALUMNI,
1121 1861 1403 1924 cumsourtoun
1424 1861 1586 1926 olannus
1606 1863 1657 1924 ET
1676 1861 1771 1924 LOCI

543 1966 765 2029 AUDITORES
784 1965 1102 2030 axomanlssrassr
1131 1983 1134 1990 ·

356 2446 393 2548 Ε
427 2468 617 2569 disciplinis
650 2469 696 2543 ad
720 2467 1024 2566 iurisprudcntiam
1053 2467 1307 2566 pertinentibus
1330 2493 1389 2557 ea,
1420 2494 1511 2569 quae
1530 2471 1586 2546 ius
1610 2473 1766 2548 naturale

258 2587 428 2690 appellata
447 2596 520 2678 est,
546 2587 682 2664 saeculo
702 2595 820 2661 nostro
839 2588 950 2687 magis
971 2588 1152 2688 magisque
1177 2588 1214 2662 in
1236 2588 1504 2665 contemtionem
1527 2589 1631 2665 venit.
1663 2591 1766 2682 Quod

259 2733 369 2808 aeque
387 2707 541 2783 fatentur
559 2706 621 2806 qni
643 2705 766 2780 merito
788 2704 952 2780 accidisse
974 2708 1190 2782 contendunt
1209 2714 1315 2805 atquo
1330 2706 1356 2780 ii
1374 2708 1437 2807 qui
1452 2709 1643 2784 immeritae
1655 2711 1766 2810 negli-

258 2828 395 2927 gentiae
428 2827 566 2927 culpam
598 2825 839 2926 praeiudicatis
872 2826 1053 2901 hominum
1080 2826 1302 2926 opinionibus
1327 2827 1570 2928 erroribusque
1595 2828 1768 2907 tribuunt.

258 2946 382 3022 Multis
417 2954 590 3034 vestrum,
623 2946 827 3021 Auditoresl
861 2947 1018 3022 nondum
1053 2948 1218 3022 memoria
1248 2946 1376 3020 excidit
1396 2949 1523 3036 oratio,
1555 2971 1666 3047 quam·
1688 2955 1770 3024 ante

258 3067 400 3168 triginta
429 3066 500 3142 fere
528 3090 637 3142 annos
664 3068 708 3141 de
728 3067 964 3165 philosophica
988 3069 1076 3141 iuria
1106 3067 1263 3142 doctrim
1288 3067 1354 3141 lac
1376 3075 1492 3142 nostra
1515 3075 1630 3142 aetate
1652 3069 1773 3144 madia

258 3191 382 3263 iniuste
407 3194 578 3263 contemta
606 3185 730 3261 habuit
758 3187 925 3262 Gnaruus
948 3209 996 3260 un
1019 3185 1137 3276 Wan,
1163 3209 1275 3286 quum
1299 3185 1405 3260 huius
1425 3187 1634 3262 Academiae
1661 3189 1771 3286 magi-

260 3315 406 3384 stratum
433 3307 627 3396 abdicaret,
655 3305 794 3406 publice
819 3313 983 3405 suscepto
1001 3304 1107 3380 hmus
1128 3306 1310 3381 derelictae
1334 3305 1406 3378 lere
1427 3329 1549 3381 causae
1570 3307 1770 3404 patrocinio.

259 3427 306 3500 lit
344 3427 483 3502 cuinam
516 3427 657 3502 tandem
689 3427 727 3500 in
761 3425 871 3526 patria
903 3432 1020 3499 nostra
1052 3425 1285 3502 iureconsulto
1321 3424 1442 3522 ignota
1483 3431 1537 3498 est
1572 3425 1772 3500 doctissima

261 3545 417 3619 eiusdem
442 3545 573 3645 egregii
592 3543 656 3620 viri
680 3539 944 3627 commentatio,
976 3542 1019 3614 de
1038 3541 1243 3637 decapitans·
1260 3543 1348 3617 iureis
1365 3546 1536 3618 naturalia
1551 3549 1773 3642 praestantia

262 3666 367 3764 deque
379 3667 451 3738 loco
462 3691 526 3764 quo
539 3665 772 3749 sitbabeada,
797 3659 842 3734 ab
862 3657 1021 3732 Instituti
1041 3657 1144 3756 Regii
1166 3658 1300 3758 Belgioi
1322 3661 1430 3736 classe
1457 3661 1559 3736 tertia
1580 3663 1773 3762 proposita,

264 3807 353 3882 quae
385 3783 504 3881 peritis
533 3780 708 3857 iudicibus
729 3780 815 3855 odeo
836 3777 979 3852 feliciter
1004 3777 1112 3852 dubia
1138 3777 1268 3852 solvere
1295 3778 1367 3854 visa
1392 3787 1463 3869 est,
1491 3787 1532 3855 ut
1555 3789 1675 3857 auctor
1699 3806 1772 3858 non

264 3911 403 3976 tentum
433 3902 585 4001 praemio
613 3907 810 3988 ornaretur,
843 3898 906 3972 sed
935 3897 1040 3972 ctiam
1071 3923 1093 3972 a
1116 3897 1292 3974 nonnullis
1317 3899 1495 3988 scientiae,
1528 3901 1628 3976 cuins
1650 3926 1775 4000 parens

263 4021 333 4096 dici
359 4021 445 4096 solet
472 4021 584 4096 Haeo
608 4023 794 4109 Gaonrus,
828 4018 1043 4118 praedicetur
1065 4026 1225 4093 servator.
1285 4017 1534 4094 Verumtamen
1557 4045 1621 4096 nec
1645 4046 1774 4121 magna

49 4121 53 4130 ’
162 4131 165 4136 ’
264 4141 437 4216 doctrinae
455 4140 554 4240 eopia
575 4165 682 4241 quom
703 4147 780 4215 tum
797 4140 833 4214 in
849 4139 903 4213 his
916 4137 1039 4212 tumin
1055 4137 1196 4236 reliquis
1214 4137 1597 4239 viripraeclariscriptis
1610 4141 1773 4216 admirari

264 4260 433 4349 solemus,
464 4283 529 4335 nec
552 4260 744 4335 communis
767 4259 838 4334 fere
862 4258 1068 4333 nostratium
1094 4258 1283 4344 adsensus,
1307 4281 1372 4331 nec
1394 4257 1545 4356 denique
1568 4258 1773 4357 amplissimi

263 4380 413 4478 corporis
442 4379 677 4480 comprobatio
714 4379 968 4479 impediverunt
997 4403 1067 4476 qno
1099 4378 1216 4452 minus
1241 4377 1330 4451 illud
1350 4376 1436 4451 iuris
1457 4378 1644 4468 naturalis,
1677 4379 1773 4476 quod

263 4499 455 4574 accuratius
488 4499 574 4574 iuris
600 4499 774 4574 rationalis
804 4499 931 4573 dixeris
959 4498 1135 4588 studium,
1165 4499 1207 4572 in
1239 4497 1313 4571 dies
1340 4496 1390 4571 ita
1421 4496 1605 4572 decreverit
1635 4503 1676 4571 ut
1701 4498 1773 4573 lere

263 4617 472 4693 exstinctum
507 4618 576 4694 dici
612 4619 730 4718 possit.
780 4619 919 4693 Etenim
952 4618 988 4692 in
1020 4617 1115 4693 nulla
1145 4617 1352 4692 Germaniae
1381 4617 1622 4708 universitate,
1654 4643 1675 4692 e
1703 4643 1774 4717 qna

263 4743 378 4811 tamen
407 4737 547 4837 regione
577 4747 650 4815 tota
678 4739 761 4813 haec
789 4738 1052 4838 philosophandi
1076 4738 1164 4813 ratio
1188 4738 1235 4813 ad
1257 4763 1321 4812 nos
1342 4737 1512 4827 manavit,
1536 4723 1648 4813 ullum
1671 4739 1774 4814 hodie

263 4855 393 4932 invenit
417 4865 596 4936 strenuum
622 4857 801 4958 diguitatis
825 4883 907 4935 suae
927 4859 1145 4935 adsertorem.
1195 4858 1303 4934 Multi
1326 4865 1444 4935 contra
1468 4857 1520 4932 ibi
1542 4858 1609 4934 alio
1634 4883 1775 4958 prorsus

1461 4977 1538 5053 22*
