4892 6184
744 701 809 767 102
1346 695 1691 765 1111111111

742 909 859 1009 plinae
888 914 969 982 tuae
989 929 1127 1005 operam
1147 904 1315 991 novandi,
1340 903 1375 978 et
1397 904 1637 979 Studiosorum
1659 899 1840 977 commoda
1857 899 2077 999 provehendi.
2127 903 2177 978 'l'e
2199 903 2253 977 in·
2395 983 2396 986 g

741 1027 874 1113 tuenti,
904 1025 1017 1100 Patris
1045 1022 1096 1096 tui
1118 1023 1235 1122 imago
1255 1023 1418 1099 continuo
1445 1023 1530 1098 mibi
1554 1031 1634 1098 ante
1657 1021 1775 1098 oculos
1800 1027 1974 1107 versatur,
1999 1020 2056 1096 cui
2083 1033 2253 1119 quantum

742 1148 907 1233 debeam,
938 1144 975 1219 in
1001 1142 1153 1217 oratioue
1180 1167 1259 1218 mea
1290 1143 1486 1243 inaugurali
1516 1143 1631 1242 palam
1660 1141 2017 1232 testatussum157).
2069 1141 2255 1218 Conservet

739 1269 837 1340 Deus
872 1266 977 1338 vitum
1011 1273 1129 1350 tuam,
1166 1287 1256 1361 quae
1289 1268 1331 1335 ut
1361 1265 1397 1334 et
1431 1259 1632 1356 disciplinae
1662 1267 1764 1348 tuae,
1801 1257 1838 1332 et
1871 1259 2081 1334 Academiae
2117 1271 2253 1338 nostrae

739 1409 868 1484 magno
892 1385 938 1459 sit
961 1382 1196 1459 emolumento
1219 1383 1350 1458 sineere
1374 1380 1420 1456 ab
1445 1380 1511 1455 Illo
1534 1387 1708 1479 optemus.

789 1625 859 1699 Sed
892 1625 1001 1698 maior
1033 1625 1138 1699 etiam
1171 1621 1317 1698 felicitas
1346 1620 1493 1719 contigit
1525 1619 1608 1707 tibi,
1646 1619 1699 1694 Cl.
1727 1620 2011 1694 Gnonuuwouul
2037 1621 2166 1720 quippe
2191 1623 2250 1722 qui

738 1769 808 1819 non
843 1771 906 1844 per
940 1746 1096 1844 quinque
1131 1752 1267 1820 tantum
1302 1742 1411 1816 lustra
1444 1763 1587 1814 munere
1617 1745 1680 1814 tuo
1710 1738 1853 1814 functus
1877 1739 1942 1826 sis,
1972 1739 2034 1813 sed
2057 1740 2102 1815 ed
2124 1742 2250 1816 calcem

738 1890 871 1965 usque,
904 1865 1027 1965 alege
1053 1864 1220 1964 positum,
1246 1863 1397 1962 spatium
1422 1859 1628 1948 decmreris,
1652 1859 1792 1956 iamque
1818 1859 2103 1958 septuagenarius
2129 1861 2166 1935 eit
2194 1862 2251 1935 de·

739 1990 834 2059 creto
866 1984 961 2083 regio
995 1984 1179 2060 honorifice
1212 1982 1376 2057 dimissus
1411 1980 1476 2069 sis,
1513 1979 1548 2054 tt
1579 1981 1654 2054 iure
1680 1987 1742 2054 tuo
1767 1978 1914 2053 docendi
1936 2003 2066 2054 munus
2092 1981 2251 2081 deponas.

737 2106 896 2179 Functus
927 2111 1043 2178 autem
1082 2129 1124 2178 eo
1156 2130 1193 2178 es
1227 2103 1429 2201 diligenter,
1463 2109 1619 2189 strenue,
1644 2098 1813 2204 religiose.
1862 2100 1956 2174 Ante
1980 2099 2098 2176 oculos
2122 2125 2254 2200 semper

737 2224 892 2299 habuisti
921 2225 1047 2312 finem,
1079 2224 1135 2297 cui
1161 2221 1325 2298 destinati
1348 2227 1464 2296 essent
1488 2218 1668 2319 discipuli,
1700 2226 1782 2292 tuae
1803 2243 1905 2294 curae
1930 2219 2124 2308 commissi;
2148 2245 2252 2319 quarn

735 2344 781 2418 ob
805 2367 945 2419 causam
969 2344 1020 2418 ita
1042 2368 1101 2418 eos
1123 2343 1305 2418 instituere
1332 2341 1519 2430 studuisti,
1545 2347 1604 2428 ut,
1629 2338 1796 2414 adhibitis
1819 2338 1895 2413 eliis
1915 2339 2070 2414 dialectis
2093 2341 2248 2416 Orienta-

735 2464 847 2553 libus,
877 2464 1058 2539 Hebraeas
1089 2463 1292 2562 praesertim
1324 2463 1456 2538 litteras
1481 2468 1517 2536 et
1540 2459 1783 2559 antiquitatem
1809 2459 1993 2548 callerent,
2017 2457 2059 2535 V.
2085 2461 2126 2534 F.
2149 2461 2251 2536 libros

734 2583 823 2658 bene
858 2583 1110 2680 intelligerent,
1143 2582 1355 2680 eademque,
1390 2607 1460 2679 qua
1492 2581 1567 2680 ipse
1600 2579 1725 2678 plenus
1753 2604 1809 2667 es,
1842 2579 1930 2666 fide,
1960 2579 2086 2656 divinis
2107 2583 2250 2656 oraculis

733 2703 914 2790 habenda,
948 2701 1206 2790 imbuerentur,
1239 2702 1313 2776 sine
1345 2725 1415 2802 qua
1442 2727 1488 2776 ss.
1512 2700 1699 2774 Antistites
1726 2698 1833 2774 verba
1854 2699 1965 2774 lacere
1986 2723 2030 2774 ex
2050 2708 2184 2799 pectore
2207 2702 2250 2776 11

732 2822 902 2921 populum
929 2820 1167 2897 Christianum
1192 2845 1263 2896 non
1289 2821 1432 2919 possint.
1484 2819 1704 2894 Conscientia
1729 2817 1819 2892 bene
1845 2825 1940 2893 actae
1964 2818 2055 2894 vitae
2078 2821 2251 2918 gaudens,

733 2942 806 3015 otio
836 2950 897 3015 tuo
930 2941 1172 3016 honestissimo
1200 2943 1290 3016 laeto
1320 2941 1435 3016 fruare
1466 2940 1603 3028 animo,
1638 2939 1753 3037 sitque
1785 2939 1851 3013 tibi
1881 2937 2001 3014 Codex
2035 2939 2110 3029 ille,
2149 2965 2251 3040 quem

733 3060 859 3134 diurna
885 3070 1124 3160 nocturnaque
1158 3086 1266 3136 manu
1298 3086 1432 3151 versas,
1457 3069 1534 3136 tum
1560 3059 1597 3134 in
1623 3059 1775 3158 reliquae
1801 3060 1891 3134 vitae
1916 3066 2089 3158 tempore,
2114 3067 2192 3136 tum
2215 3057 2250 3134 iu

731 3180 808 3278 ipsa
832 3186 942 3254 morte
967 3181 1044 3255 sons
1068 3180 1309 3256 consolationis
1334 3180 1524 3281 gaudiique
1549 3180 1759 3256 uberrimus.

778 3301 951 3390 Novistis,
976 3301 1075 3376 AAl
1102 3327 1209 3401 quam
1233 3301 1451 3376 vehementer
1469 3326 1589 3376 rursus
1608 3309 1761 3382 nostrum
1783 3302 1907 3376 urserit
1929 3301 2102 3377 civitatem
2128 3302 2247 3377 tristis·

729 3419 839 3496 simus
857 3419 923 3495 iste
950 3421 1113 3510 morbus,
1147 3445 1252 3521 quem
1279 3421 1614 3521 adpropinquantem
1643 3445 1874 3520 magnacum
1901 3421 2132 3496 sollicitudine
2158 3423 2247 3498 vide·

726 3540 861 3617 bamus.
911 3541 1086 3630 Novistis,
1120 3548 1209 3641 quot
1237 3540 1413 3616 carissima
1441 3541 1554 3639 capita
1578 3541 1822 3640 cuiuscunque
1838 3541 1992 3630 ordinis,
2016 3541 2100 3631 loci,
2127 3542 2246 3616 aetatis

673 3678 676 3683 '
726 3659 925 3748 abstulerit,
958 3663 1105 3736 alterum
1133 3670 1212 3760 post
1237 3661 1384 3735 alterum
1407 3660 1443 3735 in
1469 3685 1551 3736 cava
1576 3661 1681 3735 busta
1704 3659 1854 3734 trahens.
1904 3661 2108 3760 Pepercerat
2133 3669 2246 3740 eutem

726 3779 841 3853 adhuc
862 3780 1100 3855 Proless‘orum
1125 3781 1248 3856 ordini.
1299 3782 1376 3854 Iam
1393 3803 1472 3854 vero
1489 3781 1621 3856 invadit
1643 3780 1798 3880 capitulis
1821 3781 1878 3855 ille
1901 3780 2011 3855 bostis
2034 3780 2071 3854 in
2092 3787 2247 3855 nostrum

728 3922 867 3996 quoque
890 3923 964 3972 vau
986 3899 1107 3988 Rana,
1132 3900 1311 3998 Collegam
1331 3901 1662 3976 coniunctissimum.
1714 3900 1796 3978 Quo
1817 3900 1955 3990 audito,
1980 3900 2098 3976 afflicti
2119 3909 2155 3975 et
2174 3926 2245 4000 pcr-

725 4017 878 4106 turbati,
904 4043 1040 4093 summo
1060 4018 1252 4117 premimur
1278 4043 1404 4117 augore
1430 4020 1475 4094 ad
1494 4045 1604 4095 unum
1623 4045 1753 4094 omnes.
1795 4021 2013 4096 Confluimus
2037 4021 2082 4096 ad
2104 4021 2244 4095 domum

727 4137 802 4210 sius
821 4136 994 4212 continue.
1044 4137 1202 4212 Medicos
1230 4137 1305 4212 eius
1330 4137 1568 4229 fidelissimos,
1602 4141 1688 4240 quid
1713 4141 1863 4215 sentiant
1888 4141 1931 4216 11
1953 4140 2066 4215 morbi
2092 4141 2146 4228 vi,
2172 4165 2244 4214 sus·

725 4281 833 4354 penso
860 4258 976 4332 auimo
998 4257 1260 4357 interrogamus.
1310 4259 1504 4334 Prudenter
1523 4261 1665 4360 quidem
1687 4260 1755 4349 illi,
1780 4268 1820 4335 ut
1846 4262 1974 4349 solent,
1999 4269 2036 4334 at
2056 4259 2106 4334 ita
2129 4269 2244 4335 11111111

599 4381 604 4388 ’
725 4377 954 4475 respondent,
988 4385 1028 4451 ut
1059 4376 1150 4452 vitae
1179 4378 1372 4477 periculum
1402 4379 1522 4454 adesse
1552 4379 1798 4479 intelligamus.
1852 4381 1987 4455 Annuit
2015 4387 2134 4471 autem
2160 4381 2244 4455 votis

726 4497 852 4571 nostris
874 4496 1104 4597 precibusque
1124 4505 1269 4597 paterna
1294 4498 1362 4576 Dei
1389 4497 1635 4576 benevolentia.
1686 4501 1770 4574 Ecce
1791 4499 1889 4574 adest
1913 4499 2243 4590 vndesidarstissi-

585 4657 590 4664 -
727 4639 824 4702 mus,
859 4617 963 4716 plane
992 4619 1237 4706 confirmatus,
1270 4618 1415 4717 pristina
1444 4619 1601 4718 gaudens
1631 4619 1838 4696 valetudine.
1891 4620 1996 4699 Quod
2020 4645 2100 4696 cum
2126 4619 2244 4708 rideo,

729 4757 868 4810 summo
896 4761 961 4836 ego
994 4737 1122 4812 afficior
1150 4738 1302 4837 gaudio,
1333 4738 1475 4838 Collega
1498 4739 1793 4815 coniunctissime!
1828 4741 1890 4842 qui
1914 4765 1955 4816 co
1976 4741 2046 4814 iam
2070 4749 2241 4840 tempore,

729 4877 801 4952 quo
824 4879 895 4930 una
915 4857 952 4930 in
973 4856 1037 4932 hac
1057 4857 1246 4936 Academia
1268 4858 1507 4949 versabamur,
1533 4859 1712 4961 permagni
1734 4869 1769 4936 te
1791 4862 1867 4940 leci.
1921 4861 1991 4936 Sed
2014 4861 2099 4960 quid
2125 4861 2169 4936 de
2187 4885 2244 4935 ma
