4892 6184
698 675 741 742 22
1231 677 1264 741 F.
1306 675 1347 747 G.
1387 676 1683 746 Knlncun

750 883 820 978 Sed
843 883 905 960 hes
928 907 1067 974 omnes,
1090 884 1134 959 de
1159 883 1288 984 quibus
1311 886 1387 986 egi,
1413 887 1533 964 laudes
1556 911 1627 962 una
1650 910 1760 985 eaque
1782 885 1912 986 insigni
1935 885 2040 963 laude
2062 887 2217 968 drusun·

578 1073 580 1078 .
699 1023 854 1082 surmus
873 1003 1072 1080 cumulavit.
1105 1005 1191 1079 Erat
1214 1006 1376 1096 animis,
1400 1007 1438 1082 in
1460 1032 1531 1106 quo
1554 1015 1651 1082 vasta
1667 1013 1703 1080 et
1725 1006 1908 1105 multiplex
1924 1005 2094 1100 doctrina,
2118 1009 2218 1110 inge·

643 1177 648 1186 ·
696 1125 796 1200 nium
832 1149 939 1224 sagax
969 1129 1004 1198 ct
1036 1123 1129 1198 laras
1154 1125 1379 1202 coniunctum
1411 1135 1485 1204 erat
1510 1152 1592 1202 cum
1622 1125 1731 1202 animi
1753 1126 1921 1216 caudore,
1953 1127 2156 1227 integritate
2180 1139 2217 1208 et

694 1243 884 1318 nobilitate.
920 1245 1066 1326 Summo
1083 1243 1277 1320 litterarum
1299 1271 1416 1322 amore
1437 1247 1614 1336 imbutus,
1639 1247 1693 1321 his
1711 1246 1970 1346 promovendis,
1994 1249 2216 1347 popularium

694 1363 818 1439 animis
853 1364 1085 1463 expoliendis,
1122 1365 1439 1465 discipulorumque
1473 1366 1623 1466 ingeniis
1644 1368 1787 1455 codem,
1821 1391 1892 1466 quo
1922 1368 1998 1466 ipse
2027 1368 2215 1468 flagrabat,

596 1469 603 1480 ’
695 1485 871 1558 literarum
894 1509 1010 1559 amore
1037 1485 1263 1561 incendendis
1293 1493 1402 1561 totam
1429 1487 1536 1562 vitam
1566 1486 1749 1563 dedicavit.
1799 1487 2057 1586 Quodcumque
2086 1514 2218 1568 munus

567 1682 570 1688 ,
694 1604 769 1677 eius
804 1627 906 1678 curae
940 1604 1008 1678 luit
1040 1606 1266 1696 mandatnm,
1300 1614 1392 1682 recte
1420 1607 1553 1682 curavit
1585 1615 1620 1682 et
1650 1608 1812 1708 religiosa
1843 1608 1914 1684 fide
1947 1609 2214 1690 administravit.

692 1723 777 1798 Erat
801 1723 961 1799 assiduae
989 1725 1208 1826 diligentiae,
1242 1727 1433 1804 indefessae
1454 1728 1663 1817 industriae,
1696 1730 1829 1805 tenacis
1859 1729 2073 1806 constantiae
2098 1758 2215 1809 exem·

692 1842 777 1942 pler.
827 1845 977 1920 Animus
1001 1845 1053 1922 illi
1075 1856 1148 1922 erat
1172 1849 1363 1938 candidus,
1387 1849 1585 1937 modestus,
1610 1875 1632 1924 a
1654 1849 1873 1925 simulatione
1896 1848 2046 1949 lucoque
2060 1851 2212 1941 abenns3

693 1963 908 2064 benignitate
943 1973 1016 2041 erat
1050 1968 1235 2069 singulari,
1269 1969 1429 2044 comitate
1452 1976 1489 2043 et
1513 1968 1736 2058 liberalitate,
1768 1970 1940 2046 officiosus
1971 1995 2054 2069 erga
2092 1997 2213 2070 quem·

692 2107 842 2184 cumque
877 2092 913 2161 et
944 2088 1134 2164 multorum
1168 2088 1372 2164 studiosus
1398 2086 1554 2163 doctrina
1581 2095 1780 2164 sustentans
1787 2122 1797 2178 3
1832 2113 1944 2188 aequo
1966 2096 2002 2165 et
2028 2090 2214 2189 tranquillo

692 2204 809 2279 animo
836 2205 978 2281 iniurias
1003 2207 1136 2284 larebat
1161 2210 1230 2284 sibi
1252 2209 1365 2282 illatas
1387 2215 1423 2281 et
1446 2207 1645 2282 auctoribus
1671 2208 1883 2308 ignoscebat.
1935 2209 2074 2284 Sincere
2095 2234 2213 2288 amore

694 2324 855 2416 homines,
889 2350 1008 2400 omnes
1035 2327 1309 2428 amplectebatur
1341 2333 1377 2401 et
1406 2311 1700 2425 prosequebatur,
1731 2329 1827 2404 verbi
1849 2328 1958 2403 diuini
1985 2353 2055 2406 nou
2073 2336 2214 2409 tantum

691 2445 916 2544 dignissimus
949 2448 1138 2546 interpres,
1174 2449 1238 2523 sed
1267 2446 1372 2520 etiam
1402 2445 1524 2520 Divini
1554 2447 1790 2547 Praeceptoris
1819 2447 1932 2524 fidelis
1959 2449 1995 2524 in
2025 2450 2148 2547 paucis
2176 2458 2213 2524 et

691 2564 771 2662 pius
796 2563 997 2662 discipulus.

741 2682 884 2770 Viribus
916 2685 1067 2784 corporis
1098 2685 1228 2760 sensim
1262 2684 1459 2783 sensimque
1484 2683 1725 2761 deficientibus
1750 2686 1807 2762 die
1830 2690 1877 2762 26
1901 2687 2032 2766 mensis
2058 2687 2210 2765 Novem-

696 2802 786 2892 bris,
812 2803 904 2893 suis,
928 2803 1137 2880 Academiae
1162 2805 1367 2904 Patriaeqne
1392 2811 1531 2904 ereptus
1554 2812 1619 2880 est.

739 2923 909 2997 Postridie
940 2925 1016 3000 eius
1044 2925 1114 3000 diei
1138 2951 1207 3025 quo
1234 2933 1393 3002 mortuus
1421 2932 1496 3015 est,
1529 2927 1661 3025 collega
1684 2934 1800 3000 noster
1823 2926 2040 3017 mrissimus,
2071 2927 2134 3008 Vir
2156 2930 2211 3006 Cl.

690 3065 738 3117 nn
767 3041 883 3118 Varus
916 3068 1031 3120 coram
1064 3045 1243 3146 discipulis
1278 3046 1351 3120 suis
1384 3044 1489 3122 umba
1520 3046 1602 3122 fecit
1637 3046 1682 3123 de
1717 3046 1882 3124 defuncte
1915 3055 2135 3146 praeceptere
2173 3059 2209 3126 et

691 3162 819 3252 amico;
853 3165 1098 3262 quaeratione
1120 3191 1293 3255 amorem,
1318 3167 1641 3266 venerationemque
1663 3166 1816 3267 spirante
1839 3167 2018 3270 exposuit,
2043 3179 2209 3267 quantam

689 3285 726 3359 in
752 3283 810 3359 illo
835 3291 951 3360 nostra
974 3287 1164 3363 Academia
1187 3288 1357 3363 iacturam
1380 3287 1509 3364 lecerit.

739 3406 857 3484 Quam
888 3405 951 3479 viri
983 3406 1102 3480 eximii
1129 3408 1298 3482 iacturam
1328 3408 1420 3486 iusto
1443 3407 1558 3483 dolore
1581 3408 1769 3484 recolentes
1793 3417 1893 3508 grato
1914 3408 2030 3485 animo
2053 3412 2208 3489 recorde-

691 3549 788 3614 mur,
822 3533 909 3625 quot
935 3531 970 3598 et
993 3534 1124 3625 quanta
1144 3527 1312 3612 beneficia
1335 3530 1373 3606 in
1396 3529 1505 3604 totius
1526 3528 1658 3629 patriae
1684 3530 1958 3606 emolumentum
1985 3530 2210 3610 S1unsnsrr·

642 3717 649 3724 .
690 3669 756 3719 xro
779 3653 918 3744 accepta
941 3645 1140 3726 referamus.

1319 3898 1584 3910 ———

741 4122 807 4200 Pio
842 4123 953 4200 officio
988 4125 1192 4214 defunctus,
1231 4131 1337 4224 atqua
1369 4149 1489 4201 eorum
1525 4149 1640 4202 ocrem
1673 4127 1771 4203 vobis
1805 4128 1950 4228 repetita
1977 4131 2208 4210 memoriast

692 4244 762 4322 vita
794 4245 1020 4344 perlustrata,
1057 4269 1205 4344 quorum
1239 4253 1386 4322 mortem
1418 4254 1460 4320 ut
1488 4255 1704 4345 praesentem
1726 4247 1841 4324 dolens
1864 4274 2059 4350 numquam
2081 4251 2206 4330 desini·

692 4389 787 4456 mus,
812 4366 946 4446 adalia
971 4367 1052 4442 licet
1077 4366 1226 4442 transire
1247 4367 1397 4467 gratiora
1421 4374 1457 4442 et
1483 4367 1633 4444 laetiora.

741 4485 789 4560 Et
810 4485 964 4584 primum
985 4485 1128 4584 quidem
1154 4486 1219 4562 hoc
1247 4486 1405 4563 omnium
1431 4486 1659 4563 laetissimum
1683 4488 1784 4564 nobis
1809 4490 1954 4579 uendit,
1978 4490 2209 4572 Illustrissimi

694 4603 809 4678 huius
822 4604 1029 4680 Academiae
1048 4606 1249 4684 Curatores!
1276 4607 1371 4706 quod
1391 4632 1512 4683 omnes
1536 4609 1618 4684 estis
1639 4609 1840 4708 superstites
1855 4618 1891 4686 et
1912 4610 2084 4700 valentes,
2108 4634 2207 4711 prae·

694 4725 811 4800 sertim
828 4746 938 4824 quum
957 4724 1052 4800 haud
1073 4726 1135 4802 diu
1156 4727 1221 4816 sit,
1246 4751 1290 4802 ex
1301 4751 1372 4826 quo
1383 4727 1532 4826 graviter
1543 4728 1645 4804 nobis
1657 4728 1794 4806 emmiu
1812 4739 1867 4808 est
1882 4739 2077 4811 commotus
2094 4753 2207 4830 quum

693 4843 858 4924 nuntium
882 4845 1115 4946 acceperimus
1136 4848 1179 4925 de
1201 4871 1272 4924 uno
1291 4855 1445 4925 vestrum
1468 4873 1549 4928 cnm
1573 4848 1651 4951 ipsa
1673 4857 1784 4928 morte
1806 4851 1955 4951 graviter
1975 4851 2206 4932 ccnflbunte.
